2452 4014
456 247 699 311 —143-

69 390 257 471 llebotomes,
283 392 325 450 ita
351 397 385 450 ut
413 407 481 451 cum
508 390 646 452 diviseris
673 409 777 453 venam
809 395 983 471 sangninem
1016 411 1082 455 cur-

68 489 186 542 rentem
218 481 367 559 inspicias.
388 533 390 539 .
414 478 493 559 quod
525 482 551 541 si
582 482 753 560 apparuerit
784 483 869 560 niger
897 489 928 542 et
955 499 1082 557 crassus,

69 575 274 649 competenter
301 567 440 629 detrahes
468 575 612 648 quantum
639 570 717 630 vires
744 571 839 648 ipsius
868 569 1029 630 laborantis
1053 579 1084 631 et

69 677 157 720 causa
186 666 217 718 et
244 665 323 717 aetas
352 663 383 716 et
409 659 553 737 temporis
576 664 607 718 et
634 659 764 738 regionis
793 657 918 737 qualitas
942 660 1082 737 exegerit.

69 757 97 809 et
121 747 248 807 maxime
271 747 303 806 in
326 744 498 824 spleneticis
520 745 587 806 talis
607 748 727 826 sanguis
750 747 925 808 ostenditur.
963 749 989 807 si
1011 763 1108 808 veroa

70 855 104 896 ex
127 836 279 896 contrario
302 833 394 895 ilavus
417 842 448 895 et
471 837 570 895 tenuis
593 837 765 915 apparuerit
784 837 916 914 sanguis,
940 837 1082 896 continuo

68 923 231 985 abstinebis
257 930 287 983 et
310 922 383 984 nihil
410 925 531 983 omnino
560 923 711 1006 detrahes,
741 924 794 984 sed
817 931 933 985 tantum
956 923 1083 985 diaetam

69 1015 131 1074 eius
155 1011 321 1093 ordinabis,
344 1011 374 1071 id
398 1020 445 1072 est
467 1014 543 1072 vitae
566 1012 712 1094 regulam,
739 1031 815 1092 quae
839 1031 899 1073 non
922 1013 1006 1074 inllet
1029 1012 1083 1073 sed

69 1103 159 1180 magis
189 1107 324 1161 ventrem
351 1100 463 1161 molliat
490 1099 564 1161 cibis
593 1103 718 1162 maxime
746 1103 907 1164 consuetis.
948 1101 1027 1181 quod
1056 1103 1082 1162 si

69 1192 188 1251 minime
213 1189 319 1249 iecerit
340 1196 489 1270 ventrem,
513 1197 631 1268 oportet
652 1191 731 1251 inter
754 1191 837 1251 initia
855 1190 937 1251 molli
955 1190 1122 1270 clysterem

69 1278 231 1360 deducere,
254 1279 413 1338 novissime
436 1295 506 1338 vero
530 1281 646 1339 acriori.
691 1285 722 1338 et
745 1297 761 1338 a
783 1281 916 1358 porcinis
940 1278 1080 1340 carnibus

69 1365 277 1429 abstinendum
305 1374 335 1427 et
362 1365 398 1426 ab
426 1365 565 1428 omnibus
592 1384 667 1446 quae
696 1367 832 1428 similiter
859 1369 1082 1428 tenacissimum

69 1456 112 1516 vel
134 1473 271 1516 crassum
298 1454 455 1517 humorem
479 1457 617 1517 nutriunt
640 1465 670 1517 et
692 1456 867 1535 digestionis
889 1455 990 1516 tardae
1014 1473 1080 1516 esse

68 1544 240 1622 probantur.
281 1544 350 1604 vino
373 1561 443 1604 vero
466 1544 611 1606 utendum
634 1547 718 1606 tenui
742 1551 772 1606 et
795 1544 861 1606 albo
885 1553 915 1607 et
938 1545 1081 1606 mediocri

69 1635 175 1694 virtute
201 1631 310 1713 calido,
338 1639 367 1692 et
390 1632 528 1694 omnibus
547 1632 714 1695 volatilibus
736 1642 856 1714 praeter
878 1633 926 1694 illa
951 1652 1025 1713 quae
1048 1635 1080 1693 in
1095 1647 1120 1689 15

70 1738 141 1800 aqua
160 1729 326 1782 nascuntur
344 1728 375 1781 et
393 1721 525 1801 piscibus
544 1722 760 1801 digestibilibus
777 1722 943 1783 molliorem
961 1739 1082 1783 carnem

70 1808 246 1871 habentibus
278 1817 308 1870 et
339 1809 412 1870 nihil
444 1812 475 1870 in
508 1829 540 1870 se
577 1813 670 1872 crassi
707 1811 842 1872 humoris
875 1810 1081 1871 retinentibus.

71 1901 154 1960 etiam
183 1908 215 1960 et
238 1898 423 1959 salsamentis
446 1905 477 1958 et
500 1900 595 1977 sinapi
619 1901 663 1958 uti
685 1907 816 1979 oportet,
844 1906 874 1960 et
901 1898 1006 1960 diebus
1031 1896 1081 1958 ali·

70 1990 186 2064 quantis
215 1995 245 2048 et
272 1987 319 2047 dia
346 1989 425 2048 trion
453 2004 604 2066 pepereon
632 1987 796 2048 antidotum
824 1989 856 2047 in
879 1987 1081 2066 magnitudine

70 2074 148 2136 labae
178 2077 299 2136 maioris
326 2077 477 2155 aegyptiae
506 2094 574 2136 cum
604 2075 696 2136 calida
724 2084 792 2136 ante
820 2094 910 2136 unam
932 2076 978 2137 vel
1007 2075 1079 2136 duas
1095 2091 1121 2131 ao

70 2162 154 2225 horas
186 2165 364 2225 accessionis
391 2165 470 2225 dare.
516 2171 567 2226 aut
590 2172 672 2226 certe
695 2163 861 2226 antidotum
884 2165 964 2245 quod
987 2164 1080 2224 Fila-

70 2255 167 2330 grius
192 2255 385 2332 synpepticon
412 2253 605 2333 lexopyreton
628 2253 796 2335 appellavit,
825 2253 961 2315 similiter
988 2253 1081 2333 dabis,

71 2351 118 2403 aut
134 2341 312 2422 diaspoliten
325 2341 583 2402 medicamentum.
611 2350 662 2403 aut
679 2345 765 2423 piper
784 2341 880 2403 solum
900 2361 968 2404 cum
989 2341 1081 2432 calida

138 2493 368 2550 iflebotomabia
387 2510 428 2563 ep.
519 2494 687 2565 ainspicias
705 2510 731 2549 c:
757 2492 879 2562 aspicias
893 2510 925 2564 p.
1015 2495 1081 2548 aet

70 2588 101 2636 ca
114 2599 150 2653 p,
170 2583 208 2637 vl‘
228 2590 274 2638 aas
293 2599 315 2638 c.
405 2569 872 2653 tebtemporisp,ez1¹)mec.
963 2581 1081 2651 exigerit

70 2653 114 2707 vel
131 2654 287 2711 ostenderit
295 2669 326 2722 p.
399 2653 528 2710 belom.
542 2669 584 2723 cp.
657 2652 849 2709 oosteudi‘our
864 2683 897 2692 -
912 2653 950 2722 (6)
967 2651 1081 2723 sanguis

70 2738 116 2780 om.
135 2742 157 2783 c.
232 2731 247 2780 't
266 2723 399 2780 retinebis
413 2741 443 2793 p.
518 2723 550 2795 ὃς
568 2727 611 2779 iffi
629 2723 720 2779 dietas
738 2725 797 2780 eius
816 2741 842 2780 o.
861 2739 888 2790 c,
907 2724 956 2778 sed
975 2723 1081 2778 dietam

70 2795 330 2922 n...nne
603 2794 894 2937 ..cro-..nord
911 2797 1081 2922 arrian

71 2935 168 2993 deduci
185 2954 207 2994 c.
299 2943 331 2991 13
356 2953 477 2992 crossum
503 2953 544 3007 cp.
637 2943 670 2992 14
691 2939 910 3009 comprobantur
924 2955 955 3009 Ρ.
1048 2941 1080 2991 15

71 3009 98 3061 eb
118 3009 154 3064 ab
179 3008 309 3065 omnibus
328 3026 358 3078 p.
468 3014 501 3064 16
524 3009 638 3064 mollem
662 3026 693 3078 p.
803 3016 836 3065 18
862 3010 948 3066 etiam
976 3024 1026 3064 om.
1049 3025 1080 3078 p.

71 3080 99 3132 ab
116 3082 189 3149 (onte
206 3080 316 3146 diebus)
334 3096 384 3134 om.
404 3096 446 3149 ep.
534 3085 566 3134 19
586 3082 616 3135 eb
633 3082 708 3149 (ante
725 3081 783 3151 dia)
804 3098 830 3136 c:
856 3098 907 3136 mn.
923 3098 953 3150 p.
1038 3079 1080 3150 pi-

70 3165 171 3216 pereon
189 3168 230 3220 cp.
302 3157 337 3207 20
355 3151 374 3206 f.
390 3150 529 3220 egiptiace
546 3150 661 3206 maioris
675 3168 706 3220 p.
779 3171 843 3208 eum
858 3151 951 3206 calida
964 3166 1039 3220 aqua
1047 3167 1080 3219 p.

72 3221 114 3274 vel
131 3222 200 3277 duas
218 3221 398 3278 accessiones.
415 3223 420 3292 Ι
436 3221 497 3277 oms
511 3224 577 3292 (pro
596 3226 670 3290 oras)
684 3239 715 3292 p.
766 3230 799 3278 at
820 3223 887 3278 dare
905 3237 955 3278 em.
975 3238 997 3278 e.
1048 3224 1081 3276 ut

72 3293 142 3346 cerie
159 3292 206 3348 val
224 3293 285 3362 (ul’)
303 3295 360 3349 ant.
381 3309 403 3349 c.
494 3292 635 3364 filagiious
653 3310 695 3362 cp.
777 3300 810 3349 22
830 3292 986 3364 sinpepbieo
1005 3292 1080 3348 lexo-

72 3362 158 3428 pebies
173 3381 209 3434 p,
232 3363 356 3434 sinpepbi
378 3363 471 3418 celebs
494 3364 596 3435 opitios
615 3381 636 3420 e.
746 3364 903 3435 appellavit
923 3381 958 3434 ps
984 3363 1080 3433 appel-

71 3429 155 3488 latum
178 3452 201 3491 c.
308 3439 341 3489 aa
365 3433 533 3504 diaspoliten
556 3451 584 3504 c,
607 3434 805 3505 diaboliienp
828 3434 1003 3505 (diaspoliten
1025 3436 1080 3504 ρο).

73 3503 129 3558 solia
148 3507 281 3576 (solutum
300 3511 363 3561 ante
382 3507 463 3574 corr.)
483 3521 510 3560 c:
529 3521 580 3560 om.
595 3522 626 3574 p.
