2510 4020
498 251 692 314 ,3.-

89 413 180 476 supra
203 395 313 457 dietam
335 392 538 456 membranam
560 394 606 454 vel
629 391 788 454 cerebrum
810 411 922 472 aquoso
946 403 976 456 et
999 395 1107 474 frigido

89 485 227 564 flegmate
250 483 403 546 infuderit.
439 501 508 544 nam
527 482 767 562 Hippocrates
790 483 913 544 senior
936 482 1107 562 dogmatum

90 575 232 654 princeps
253 575 285 634 in
308 573 455 634 aforismis
479 574 522 634 sic
545 575 599 633 ait:
631 571 732 633 Austri
755 589 860 651 graves
883 571 1010 652 auditui,
1039 571 1106 633 eali-

89 664 200 743 ginosi,
223 663 312 741 capiti
335 660 499 740 gravabiles
523 670 552 722 et
571 660 716 722 dissoluti.

110 753 117 764 '
179 752 342 812 curationis
362 757 461 812 autem
480 758 614 829 tempore
629 756 747 829 oportet
761 757 915 828 aegrotum
930 767 966 810 ex
984 748 1133 810 brachios

88 840 295 921 flebotomare,
324 841 350 900 si
382 847 481 900 tamen
509 846 604 900 aetate
633 840 747 900 iuvenis
779 838 870 900 fuerit
893 846 923 898 et
941 838 1106 900 secundum

89 937 226 992 naturam
253 945 363 1007 corpus
391 927 557 989 ostenderit
584 929 645 988 sive
675 926 864 988 multitudine
888 929 953 988 suci
975 926 1106 1007 plenum,

90 1017 169 1098 qnod
194 1017 299 1078 Graeci
321 1015 520 1096 ptethorieum
542 1023 656 1078 vocant.
693 1017 770 1076 etsi
792 1023 897 1076 venter
919 1015 1106 1094 abstinuerit,

89 1107 216 1188 clystere
250 1105 442 1168 deducendus
474 1106 531 1166 erit
561 1124 598 1166 ex
630 1105 803 1166 decoctione
832 1103 1042 1183 coloquintidis
1075 1113 1106 1165 et

89 1199 173 1258 tenui
197 1196 350 1256 centauria
368 1194 468 1256 addito
486 1194 603 1255 modico
622 1193 708 1254 melle
732 1202 763 1255 et
781 1192 846 1255 oleo
870 1195 997 1254 anetino.
1033 1193 1147 1254 dan-1⁰

90 1284 161 1346 dum
193 1287 283 1345 etiam
314 1285 423 1344 ieiunis
455 1282 551 1344 tribus
584 1282 689 1344 diebus
721 1284 802 1342 inter
834 1281 913 1342 diem
941 1282 1107 1343 antidotum

89 1372 214 1434 Galeni
246 1371 326 1451 quod
359 1374 441 1451 picra
473 1371 644 1451 appellatur.
701 1378 731 1432 et
763 1373 788 1430 si
821 1369 966 1432 adiutoria
994 1369 1106 1451 localia,

89 1481 165 1542 quae
188 1463 287 1541 topica
309 1459 470 1541 appellant,
501 1463 668 1540 oportuerit
691 1457 845 1541 adhibere,
868 1465 1023 1539 turgentes
1045 1476 1105 1520 ma-

88 1553 179 1612 terias
216 1566 359 1610 venarum
393 1547 489 1610 medie
521 1551 553 1611 in
589 1551 687 1610 fronte
720 1547 848 1630 incides,
885 1555 936 1609 aut
963 1555 1045 1608 certe
1080 1549 1106 1608 si

88 1641 209 1700 minime
242 1640 447 1718 apparuerint,
481 1641 668 1717 sanguisugis
700 1645 792 1700 totam
826 1638 945 1717 operies
977 1637 1106 1698 frontem
1120 1652 1147 1692 15

88 1737 140 1790 aut
154 1726 340 1790 cucurbitam
354 1727 494 1806 occipitio
508 1726 725 1806 conglutinabis
739 1727 837 1788 addita
858 1719 862 1808 i
884 1724 997 1786 seilicet
1015 1727 1104 1786 scari·
1115 1751 1138 1792 p.
1155 1739 1194 1780 ree

87 1819 207 1879 tatione.
254 1823 285 1876 et
312 1817 338 1876 si
366 1816 443 1876 forte
471 1833 508 1876 ex
535 1814 622 1895 plena
649 1815 822 1876 habitudine
850 1816 941 1875 totius
971 1815 1106 1893 corporis

11 1943 12 1980 1
89 1914 178 1985 caput
201 1903 319 1984 impleri
342 1906 486 1987 senseris,
515 1903 594 1982 quod
618 1904 739 1984 quidem
762 1921 798 1962 ex
821 1903 972 1980 frequenti
995 1903 1105 1963 tinnitu

88 1997 207 2056 aurium
230 2000 282 2054 aut
303 1994 449 2072 vertigine
469 2000 521 2053 aut
539 2000 606 2054 ante
627 1990 729 2054 oculos
749 1991 882 2052 subiecta
901 1989 1105 2052 tenebratione

88 2085 182 2163 magis
201 2083 381 2162 agnoscitur,
404 2080 530 2142 Galeni
549 2080 710 2144 cathartico
730 2081 777 2141 dia
798 2089 844 2142 tes
862 2078 942 2140 aloes
961 2077 1146 2159 appellatore

87 2172 230 2233 humores
262 2187 317 2251 per
335 2177 484 2246 ,ventrem
516 2170 665 2252 erogabis,
702 2172 728 2230 si
760 2177 860 2231 tamen
892 2167 994 2230 senilis
1026 2174 1106 2229 aetas

11 2429 12 2434 ,
163 2375 276 2432 ldiota
293 2375 421 2432 membra
438 2392 479 2445 pe,
498 2377 576 2432 diota
593 2377 758 2432 membrana
771 2391 802 2446 p.
888 2391 993 2444 aquoso
1012 2376 1042 2430 eb
1058 2375 1106 2430 fri·

11 2442 12 2476 ³
88 2449 156 2519 gido
174 2448 307 2518 flegmate
322 2463 371 2516 pc:
395 2464 532 2516 aquosum
551 2449 580 2503 et
602 2448 736 2518 frigidum
761 2447 875 2516 (flegma
897 2449 970 2501 iuter
988 2447 1036 2500 tio.
1055 2448 1105 2518 9⁰).

88 2521 272 2590 2ypocrates
290 2535 350 2588 ppo.
424 2518 599 2574 deforismis
617 2536 648 2588 p,
669 2517 810 2573 adorismis
825 2534 847 2586 p
863 2517 965 2586 (He'pp.
984 2516 1033 2583 III,
1054 2521 1105 2571 720

87 2591 188 2660 Dipo).
296 2587 413 2645 austrini
429 2606 458 2658 p.
551 2589 662 2644 auditui
680 2606 706 2643 e:
726 2586 829 2643 iuditui
848 2589 908 2656 (eie)
926 2602 956 2656 p,
975 2586 1105 2658 auditu<i

87 2663 153 2718 add.
172 2677 242 2717 corr.
260 2661 334 2734 rec.)
350 2677 378 2729 p.
465 2660 603 2730 tespitis
620 2661 684 2727 (sic)
703 2676 763 2730 ppo.
842 2664 975 2728 bognum
994 2674 1015 2712 c.
1089 2665 1105 2712 6

86 2733 270 2788 fleuotomere
291 2749 323 2801 p,
344 2731 541 2788 fleboihomari
563 2733 629 2801 (-e
648 2737 684 2800 p⁰
707 2737 733 2786 et
755 2735 781 2799 c)
798 2747 828 2800 p.
915 2728 982 2786 si..
999 2728 1107 2784 ,fuerit

86 2820 138 2874 pp:
158 2804 182 2858 si
200 2820 257 2858 non
276 2805 351 2859 etate
369 2803 523 2860 inventutis
542 2804 583 2871 (et
601 2818 655 2858 seo.
674 2805 732 2858 nat.
751 2805 809 2871 etc.)
829 2817 850 2857 e.
924 2807 939 2856 7
959 2799 1059 2871 plenus
1074 2818 1105 2869 p.

87 2875 222 2945 8p1ei0n
238 2891 297 2944 ppo.
334 2873 605 2942 cflGot.12,505.
697 2874 726 2928 eb
744 2872 768 2927 si
786 2875 883 2928 venter
901 2888 934 2940 p:
960 2871 1105 2926 fueritin·

87 2948 189 3002 ventus
208 2945 302 3014 (abst.)
316 2963 347 3015 p.
458 2951 474 2998 9
494 2963 527 3000 ex
544 2962 592 3014 pc:
616 2947 688 3014 etp.
779 2943 921 3013 coloqui(a
944 2948 1007 2998 aute
1025 2944 1104 3010 corr.)

86 3017 166 3090 ntidp
185 3033 203 3086 p
222 3015 294 3085 (-—d’
308 3021 365 3085 pc).
440 3022 473 3070 11
492 3015 595 3070 ieiunis
612 3017 645 3070 ip
661 3031 749 3085 mcrp.
766 3015 856 3084 suppa.
875 3020 913 3085 9⁰.
993 3019 1026 3068 12
1045 3013 1105 3083 gal-

86 3088 157 3142 lieni
178 3104 210 3156 p,
234 3087 340 3157 galieni
358 3104 397 3157 pc
422 3089 496 3157 (item
517 3087 617 3157 iufra).
707 3087 788 3156 pigra
809 3103 868 3156 ppo.
959 3084 996 3139 si:
1020 3082 1059 3137 sio
1083 3100 1104 3138 e.

88 3165 121 3214 13
142 3175 214 3228 quae
233 3159 275 3228 (dp)
294 3174 320 3213 c:
347 3159 423 3226 quod
441 3157 492 3228 (qd
509 3163 535 3213 et
552 3160 592 3228 qr)
610 3173 655 3228 pp.
740 3159 884 3228 surgentes
908 3161 971 3210 aute
989 3171 1059 3209 corr.
1073 3171 1105 3223 p.

88 3236 122 3284 14
149 3230 179 3284 in
207 3245 252 3299 pc:
280 3245 331 3284 om.
354 3245 386 3298 p.
478 3234 511 3284 15
540 3229 703 3299 apparuerit
728 3245 769 3298 pe.
860 3225 1051 3296 sanguissugis
1074 3243 1104 3295 p.

11 3343 12 3360 ¹
86 3296 375 3441 subinducti
397 3316 472 3426 Ἤ
493 3296 919 3440 a¹0b⁸b⁰³fi>fidssiiuiiib
933 3299 965 3352 e.
987 3299 1105 3422 'tibi‘

11 3493 13 3514 ,
85 3442 232 3512 gnoscibnr
244 3459 277 3511 p.
359 3442 456 3512 gniip
475 3442 552 3514 (gnl'i
566 3448 621 3512 ρο).
708 3440 843 3496 oatmtieo
862 3441 913 3510 (sie
930 3440 1042 3508 semper)
1060 3453 1105 3507 pp.

11 3559 12 3568 ,
87 3521 121 3568 21
142 3514 167 3568 si
186 3545 219 3554 -
238 3512 400 3583 impedierit
413 3530 462 3582 pc:
482 3528 532 3568 om.
546 3530 573 3583 p.

910 3601 945 3654 1*
