2476 4012
553 246 794 312 -170-

161 395 282 471 lnctam‚
304 401 373 473 post
396 410 489 454 unum
512 391 558 453 vel
581 392 657 454 duos
680 393 743 454 dics
767 395 793 452 si
820 392 896 452 lorte
922 399 1024 453 venter
1046 410 1063 453 a
1085 391 1168 452 solito

161 483 259 544 officio
292 481 484 563 abstinuerit,
522 481 647 560 clystere
680 480 930 543 subdeducendus
967 483 1025 542 erit
1057 499 1094 542 ex
1124 480 1168 542 dc·
1220 460 1221 532 l

161 573 296 632 coctione
324 569 534 651 coloquintidis
562 578 592 631 et
620 569 705 631 betae
734 576 764 631 ct
786 567 919 631 cantabri
944 587 1012 630 cum
1036 568 1169 631 melleet

160 659 226 720 oleo
253 661 348 721 veteri
375 666 406 720 et
432 659 585 720 alronitro.
632 665 721 720 erunt
752 665 907 738 practerea
939 657 1055 720 duabus
1087 657 1168 720 ebdo-

134 748 255 809 enodis
277 751 309 808 in
331 747 441 810 lectulo
460 747 660 829 custodiendi,
683 757 713 808 et
734 755 823 827 caput
846 746 985 808 embroce
1009 747 1168 809 curandum

160 856 197 897 en
219 854 341 898 rosaceo
366 844 395 897 et
424 843 522 917 aceto,
550 835 629 916 quod
656 835 841 914 oxyrodinon
869 841 988 918 vocant,
1010 835 1168 915 aliquando
1221 846 1222 918 t

160 933 192 986 ct
216 933 351 986 castoreo
379 925 523 1007 admixto,
555 927 681 986 maxime
709 926 735 985 si
767 924 843 985 loric
876 923 974 986 bienu
1007 926 1168 1005 contigerit.
1221 929 1222 942 ¹

160 1013 213 1074 sed
241 1020 359 1094 oportet
385 1020 453 1074 ante
482 1019 571 1093 caput
597 1015 731 1093 pressius
760 1011 922 1074 detondere
952 1021 983 1073 et
1006 1015 1050 1074 sic
1074 1031 1169 1075 curam

159 1105 217 1183 ipsi
248 1103 338 1181 capiti
369 1101 518 1164 adbibere.
564 1108 595 1162 ct
625 1109 782 1182 postquam
815 1101 1049 1184 embrocaveris‚
1087 1097 1185 1182 caput'

120 1205 146 1244 10
158 1191 236 1272 pileo
264 1192 389 1270 operies.
431 1198 499 1271 post
525 1189 599 1251 baec
628 1192 813 1252 summitates
840 1207 982 1251 manuum
1007 1199 1038 1252 et
1066 1191 1169 1271 pedum
1222 1235 1223 1256 ι

158 1280 225 1342 olco
247 1281 341 1340 veteri
365 1288 416 1341 eut
443 1281 574 1360 sicyonio
602 1297 774 1360 perungues
802 1286 832 1340 ct
859 1281 1044 1341 tenuissimis
1073 1298 1107 1342 ec
1135 1279 1169 1340 lc·
1222 1289 1223 1328 t

158 1368 291 1430 vioribns
314 1367 444 1430 fasciolis
466 1368 579 1448 ligabis.
617 1370 705 1429 etiam
729 1375 759 1428 et
779 1369 907 1429 castorei
929 1367 953 1438 9
974 1367 988 1428 Ι
1010 1370 1168 1430 ieiunisin

157 1460 278 1538 potione
307 1474 400 1536 aquae
428 1456 541 1518 mulsae
569 1455 665 1539 dabis,
694 1456 885 1536 singulariter
908 1463 959 1518 aut
987 1455 1067 1518 loliis
1091 1465 1168 1519 rutae

158 1546 295 1608 hortinas
319 1545 491 1606 admixtum.

119 1647 145 1687 1⁵
249 1637 275 1695 si
305 1651 376 1694 vero
399 1633 456 1696 sub
479 1632 691 1695 melancholico
718 1633 845 1695 humore
869 1651 937 1697 cum
966 1635 1169 1696 insomnietate

157 1724 249 1784 fucrit
268 1724 380 1803 passio,
404 1722 547 1802 epithymi
568 1723 773 1784 decoctionem
796 1722 912 1784 diurnis
936 1721 1043 1784 diebus
1067 1725 1170 1785 ieiunis
1223 1749 1224 1762 ι

158 1810 242 1872 dabis
260 1820 313 1873 ant
330 1810 377 1873 dic
396 1813 476 1873 inter
494 1811 582 1873 diem.
618 1811 777 1892 posthaec
797 1813 1001 1892 vespertinum
1024 1811 1169 1874 lavacrum

158 1900 320 1962 adhibebis.
361 1902 407 1961 sin
435 1919 505 1962 vero
534 1899 590 1962 sub
619 1917 719 1961 crasso
747 1899 793 1962 vel
816 1901 1016 1961 ,tenacissimo
1049 1900 1170 1962 humore

158 1990 249 2050 luerit
271 1991 384 2071 passio,
407 1989 523 2070 oxymel
546 1991 654 2050 ieiunis
678 1988 761 2050 dabis
780 2007 817 2050 cn
835 2007 927 2069 ysopo
946 1995 977 2049 et
999 1989 1169 2069 peucedano
1224 2011 1225 2060 ι

118 2090 144 2130 2⁰
158 2085 188 2139 ct
210 2077 309 2156 puleio
329 2086 359 2138 et
378 2079 499 2157 origano
519 2078 697 2139 coniectum.
737 2095 792 2140 nec
816 2095 876 2138 non
900 2078 989 2139 etiam
1012 2085 1045 2139 et
1068 2096 1170 2140 cucur·
1224 2073 1225 2132 l

158 2166 234 2227 bitas
267 2167 350 2227 cules
382 2165 412 2225 id
445 2174 491 2227 est
523 2163 624 2246 (levi)
657 2184 726 2227 oum
762 2169 947 2247 appositione
979 2165 1113 2228 deduces
1143 2168 1171 2225 in
1224 2155 1225 2170 ¹

157 2255 262 2334 primis
281 2252 417 2334 spondyli
438 2253 505 2315 loco
525 2261 555 2315 et
574 2255 676 2333 spinae
701 2262 731 2316 ct
753 2253 876 2337 lumbis,
899 2256 1062 2316 novissimo
1087 2257 1172 2317 ctiam

229 2429 243 2478 1
263 2425 284 2480 1.
303 2423 349 2480 vel
368 2424 412 2481 .11.
426 2441 457 2494 p.
530 2441 547 2479 a
566 2424 651 2482 solito
669 2424 763 2482 officio
777 2441 813 2493 p:
832 2423 927 2480 solutu
945 2424 1041 2481 officiii
1060 2443 1083 2482 c.
1155 2430 1169 2478 i

157 2495 263 2550 clisleri
281 2512 302 2551 e.
394 2501 410 2551 3
430 2495 623 2566 coloquintide
646 2513 687 2566 op.
782 2495 875 2551 lolei
892 2495 996 2552 veteris
1010 2513 1047 2566 p,
1072 2497 1133 2552 —ri
1150 2512 1172 2551 c.

157 2585 187 2638 et
204 2583 349 2639 effrenitro
363 2588 445 2640 erunt
462 2567 564 2640 dicire
582 2585 609 2641 d.
628 2601 651 2640 e.
667 2600 703 2653 p,
723 2586 752 2640 et
765 2583 834 2640 affe?
852 2587 950 2656 pterea
967 2584 993 2639 d.
1013 2603 1037 2641 e.
1060 2603 1084 2643 c.
1156 2589 1170 2638 ὁ

156 2655 285 2710 embroce
299 2671 335 2724 p,
354 2655 475 2711 embrice
495 2673 518 2711 c.
604 2657 702 2726 (caput
716 2697 722 2709 .
738 2699 744 2711 .
761 2659 778 2722 ‚t
797 2656 913 2712 curandi
931 2672 973 2726 cp.
1064 2657 1171 2712 'lforte

156 2741 206 2780 om.
224 2743 252 2795 p.
325 2727 465 2797 contingit
478 2743 519 2796 op.
603 2731 672 2781 San
686 2728 774 2797 (ante)
790 2744 816 2782 c:
835 2729 931 2796 subp.
1004 2729 1033 2783 ei
1052 2728 1171 2783 siccare-

156 2796 193 2850 dir
227 2802 283 2865 quo
301 2796 401 2866 expioa
419 2797 553 2853 adbibere
572 2815 595 2853 c.
667 2798 877 2853 eembrocebis
891 2813 913 2854 o.
988 2802 1021 2851 10
1040 2798 1129 2869 pilleo
1142 2814 1171 2867 p,

155 2882 239 2991 paee
254 2883 276 2923 c.
349 2868 440 2937 operis
450 2885 490 2938 cp.
562 2868 581 2924 i.
595 2867 729 2924 articulos
744 2869 808 2924 odd.
819 2885 841 2938 p
856 2870 932 2938 (poet
944 2869 1069 2939 pedum).
1140 2873 1170 2923 12

169 2937 280 2993 esciolis
303 2935 408 3008 ligabis
426 2955 462 3009 p:
485 2938 617 2996 lesciebis
640 2955 663 2996 o.
790 2941 875 2996 etiem
899 2941 940 2996 el:
966 2939 1005 2994 nt
1031 2941 1120 2995 etism
1141 2956 1170 3009 p,

157 3007 244 3064 etiem
263 3023 285 3063 c.
373 3015 405 3064 13
424 3011 486 3066 rute
508 3011 597 3067 oriine
616 3027 656 3080 cp.
745 3015 778 3065 16
797 3010 928 3082 epithimi
947 3008 1057 3081 (epitb'r
1070 3012 1107 3082 p)
1127 3011 1171 3065 de·

157 3079 284 3136 coctione
303 3094 343 3150 cp.
435 3081 541 3136 diurnis
560 3099 586 3138 c:
605 3081 742 3137 diuimnis
756 3097 786 3150 p.
878 3088 910 3137 17
929 3081 1122 3151 vespertinum
1136 3098 1171 3151 p:

155 3149 323 3205 intestinum
342 3152 403 3220 (om.
422 3152 488 3224 lev.)
509 3170 530 3209 c.
605 3159 638 3209 1e
657 3151 820 3208 tenuissimo
839 3168 861 3210 e.
935 3157 968 3208 19
992 3168 1027 3207 ex
1043 3151 1126 3223 isopo
1144 3168 1170 3207 cc

156 3225 186 3276 et
201 3237 289 3291 ysopo
303 3238 333 3292 p.
419 3225 576 3294 peueideno
594 3240 635 3294 cp.
722 3228 756 3277 20
775 3242 802 3278 ιι.
821 3241 848 3278 n.
867 3241 892 3280 e.
911 3225 941 3279 et
958 3223 1134 3279 cucurbitam
1151 3222 1169 3276 i.

156 3291 234 3346 cules
256 3293 303 3360 (cf.
324 3293 396 3348 Geel.
419 3295 491 3351 Acer.
517 3313 549 3364 p.
569 3299 631 3351 575.
651 3299 717 3350 297.
737 3298 771 3350 31
791 3300 843 3364 sq.)
865 3299 900 3350 oin
922 3293 1102 3365 oppositione
1126 3294 1170 3348 de

156 3361 235 3417 ducis
262 3369 275 3416 i
299 3361 384 3433 p⁹m1s
411 3381 438 3434 c,
471 3383 498 3420 n.
523 3383 550 3419 n.
574 3382 598 3420 e.
627 3367 656 3420 ei
683 3365 761 3420 cuias
790 3366 909 3448 epponis
935 3364 1044 3436 iprimis
1067 3382 1091 3434 p
1123 3363 1169 3432 (cs.

157 3449 178 3488 e.
199 3436 255 3501 77).
346 3439 380 3488 ii
400 3436 536 3505 spondilis
556 3435 633 3492 locus
653 3452 680 3503 e,
700 3435 902 3506 spondiborum
920 3434 989 3492 locis
1003 3452 1035 3505 p.
1122 3452 1170 3489 no·

156 3501 269 3558 vissimo
288 3505 349 3574 (eie)
369 3521 410 3575 ep.
