2476 4012
446 243 684 311 -187—

145 387 233 451 aliud.
271 395 383 450 cretam
406 369 553 450 cimoliam
576 408 645 450 cum
664 389 792 451 alumine
816 392 910 452 scisso
928 408 1004 470 aqua
1023 409 1074 452 re·-

48 478 152 540 solres
180 485 211 540 ct
237 495 293 557 per
320 484 416 539 totum
443 475 480 538 ab
508 477 681 558 inguinibus
708 486 738 540 ct
764 482 883 560 pectine
910 497 1006 559 usque
1033 480 1069 543 ad

49 566 147 648 pedes
170 568 201 628 in
225 565 287 628 sole
310 566 434 627 ohlines.

144 654 224 716 aliud
243 655 279 716 ad
298 655 485 736 hydropicos.
522 673 688 736 sympasma
710 656 939 718 desiccatorium
962 675 1068 719 arenae

50 745 199 806 ferventis
222 743 431 818 adobrutione,
461 762 549 824 quam
578 744 797 806 ammochosian
819 754 938 821 vocant,
965 754 997 807 ct
1018 746 1097 826 hy·⁵

49 833 178 914 dropica
207 840 238 894 et
265 835 344 894 sicca
371 831 490 915 lavatio,
519 851 593 914 quae
618 853 634 895 a
658 833 778 896 Graecis
801 833 950 896 rerolusia
973 835 1070 915 appel·

49 923 142 984 latur.
172 921 201 983 id
217 929 264 982 est
283 928 477 1002 sympasmatc
495 925 580 1002 prius
594 925 714 1002 corpori
728 923 846 985 sudanti
859 925 890 985 in
905 942 972 985 aere
992 923 1070 984 hono

49 1011 241 1074 lavacrorum
269 1028 403 1090 asperso,
431 1017 461 1072 et
489 1013 533 1072 sic
560 1010 669 1072 sabano
697 1013 776 1073 sicco
805 1012 1012 1094 detergantur,
1042 1019 1072 1074 et

49 1100 108 1160 alia
132 1097 227 1160 multa
249 1099 361 1179 opellae
384 1099 480 1162 modo.
517 1099 692 1162 mirabiliter
715 1109 866 1181 operatur.

186 1231 324 1295 LXXVII.
361 1233 410 1293 nd
433 1235 742 1313 praefocationem
767 1236 937 1296 matricis.
1085 1255 1111 1293 ro

17 1381 20 1388 r
145 1329 402 1392 Praefocationem
421 1333 552 1393 matricis
575 1333 712 1412 sequitur
735 1331 853 1394 subitus
876 1350 973 1417 casus,
990 1335 1071 1393 vocis

48 1422 220 1499 amputatio
239 1428 272 1481 ut
291 1417 506 1501 obmutescant,
529 1428 560 1481 et
578 1419 774 1500 apprehensio
794 1438 914 1500 sensuS,
937 1420 1071 1482 dentium

49 1509 185 1569 confixio
204 1515 234 1568 et
253 1508 363 1569 stridor
385 1509 508 1588 rapidus
531 1511 571 1570 ita
595 1518 628 1570 ut
651 1510 831 1570 accessionis
853 1516 989 1589 tempore
1013 1527 1071 1570 una

50 1616 123 1677 pars
145 1598 207 1657 oris
224 1596 262 1656 ad
281 1596 402 1658 alteram
422 1606 536 1677 partem
556 1597 683 1660 conduci
706 1597 854 1680 videatur,
877 1598 1071 1660 articulorum

50 1687 237 1766 contractio,
268 1685 510 1765 praecordiorum
538 1685 721 1768 subereetio‚
752 1689 847 1766 ipsius
875 1689 1007 1749 matricis
1035 1687 1070 1748 ad
1086 1699 1111 1739 1⁵

51 1776 230 1855 superiores
262 1781 361 1853 partes
398 1773 578 1854 subiugium.
627 1783 699 1836 tuno
737 1778 825 1836 ctiam
860 1776 991 1837 thoracis
1022 1794 1072 1836 ex·

51 1865 149 1924 tantia
178 1863 307 1923 allicitur
335 1870 366 1924 et
397 1863 501 1942 pulsus
528 1865 670 1944 parvitas,
700 1863 849 1943 aliquibus
877 1872 908 1924 et
935 1865 1072 1925 alienatio

52 1953 167 2013 mentis
196 1959 226 2012 et
252 1955 362 2012 iterum
388 1951 486 2012 subita
508 1954 672 2032 resumptio
700 1953 740 2013 ita
763 1960 798 2013 ut
820 1955 919 2013 omnia
942 1970 1017 2032 qnae
1040 1953 1071 2012 in

50 2042 228 2101 accessione
252 2043 402 2101 senserint
424 2039 606 2102 dimissionis
629 2049 762 2120 tempore
786 2041 991 2104 recordentur.

126 2162 145 2212 2
164 2156 290 2226 pectina:
308 2158 417 2228 pedena
435 2174 464 2222 c,
481 2158 613 2241 pudenda
626 2175 656 2228 p.
747 2163 765 2213 4
783 2165 908 2229 sipasma
925 2175 967 2230 cp,
1056 2163 1071 2228 o

50 2230 197 2285 ferventes
211 2231 276 2298 (esp.
348 2229 384 2283 ad
404 2229 572 2285 obrisronem
592 2247 615 2298 c,
635 2228 876 2300 adobritionemp
896 2231 946 2298 (ud
962 2247 1018 2286 rem
1036 2231 1072 2297 cf.

50 2301 157 2355 Aetius
180 2304 229 2364 10,
252 2305 300 2355 27.
324 2305 364 2355 28
386 2305 412 2355 ct
434 2304 464 2368 3,
487 2306 513 2356 9.
557 2301 624 2356 Gela.
648 2304 680 2369 3,
703 2306 760 2370 21).
876 2300 1028 2357 amocisian
1050 2319 1073 2368 c,

50 2369 201 2426 amooosit
215 2387 245 2438 p.
319 2373 348 2426 et
365 2370 501 2441 ydropica
535 2373 592 2438 ,et
608 2371 734 2441 tropicon
753 2388 767 2427 o
785 2372 859 2439 (fort.
875 2373 918 2426 est
935 2371 983 2439 h).
1057 2379 1073 2427 6

49 2444 156 2511 xero(n
171 2440 267 2510 c)lueia
285 2459 328 2512 cp.
414 2447 429 2496 ‘t
449 2441 467 2496 i.
487 2389 534 2511 (ἱὲ
546 2444 599 2512 eat)
618 2442 755 2511 siepasma
773 2441 849 2511 prins
868 2442 991 2511 corporis
1010 2459 1072 2496 esu·

391 2514 455 2563 priua

49 2563 140 2622 danti
152 2581 180 2632 c,
199 2569 229 2620 et
242 2564 453 2638 sipasmatapal'
469 2584 488 2635 q
505 2569 535 2635 (q
553 2567 604 2622 del.
618 2569 664 2636 ρο)
680 2565 803 2635 corporis
819 2563 932 2619 sudanti
941 2581 972 2634 p.
1043 2565 1075 2620 in

51 2671 123 2711 aere
148 2653 223 2711 bono
246 2655 469 2712 lavacrorum:
491 2654 522 2710 in
546 2654 702 2725 lavacrisp
722 2653 770 2722 (of.
790 2652 863 2708 Ooel.
881 2652 953 2708 Aur.
973 2654 1027 2708 chr.
1047 2658 1074 2719 3,

49 2732 106 2783 117
103 2731 133 2796 ).
202 2741 315 2797 asperae
329 2743 351 2795 c,
366 2744 433 2782 -sa
440 2744 472 2798 p.
541 2732 557 2782 9
572 2725 650 2781 licito
664 2725 748 2781 modo
762 2741 784 2793 c,
800 2724 871 2780 ciclo
885 2723 969 2779 modo
978 2740 1011 2794 p,
1025 2724 1075 2779 ubi

48 2799 176 2853 adnotet
183 2803 219 2868 ρο
237 2800 256 2854 i.
273 2814 294 2853 e.
310 2804 442 2854 amentor
456 2813 569 2854 cooevos
584 2813 652 2852 suec.
669 2797 722 2852 XI
727 2796 763 2850 Vr
786 2793 806 2850 i.
820 2795 904 2850 modo
917 2795 971 2850 hoc
989 2795 1073 2851 modo

49 2870 103 2925 illo
133 2867 260 2924 iterando
286 2886 356 2939 opus
379 2871 408 2925 et
431 2869 468 2924 ad
489 2869 565 2925 idem
589 2867 683 2938 sepius
706 2866 870 2923 revertendo
895 2865 938 2920 ita
963 2866 1075 2922 ridetur

49 2941 129 2996 licet
147 2939 275 2996 dubitem
292 2943 331 3009 (t).
413 2943 545 3010 operatur
562 2941 626 3006 (sic)
643 2955 684 3008 cp.
773 2943 806 2992 10
825 2938 866 2993 De
884 2937 1074 3008 prefocationa

50 3031 89 3069 m.
106 3023 143 3080 p.
253 3017 284 3066 11
304 3011 429 3067 matricis
447 3029 482 3081 p:
507 3014 557 3067 aiat
579 3012 696 3080 (autem)
715 3025 737 3066 c.
847 3014 879 3063 12
898 3010 1033 3079 aphensio
1052 3025 1075 3075 e,

52 3092 168 3195 adpffho
178 3135 208 3188 p.
282 3135 412 3174 sensuum
427 3135 450 3174 c.
524 3123 556 3173 13
572 3116 707 3172 confrixio
722 3131 743 3172 c.
816 3114 931 3184 rapidus
945 3131 973 3170 c:
986 3129 1036 3169 orn.
1045 3131 1074 3184 p.

55 3234 89 3283 15
113 3203 163 3294 §nto
180 3243 213 3296 p:
232 3226 407 3282 detractione
425 3242 448 3281 c.
533 3224 683 3293 subarcpto
700 3223 764 3292 (sic)
781 3238 810 3290 c,
828 3220 998 3292 surrecticp
1017 3224 1075 3292 (pa-

52 3310 215 3382 vaaaepaa
237 3314 297 3370 sor.
316 3332 346 3384 ρ.
370 3319 427 3370 249
445 3314 494 3384 n).
570 3318 602 3367 aa
628 3292 767 3383 suarinas
784 3328 820 3381 p,
842 3309 1036 3380 aaonmagane
1062 3327 1077 3365 ο

53 3382 209 3457 (ἀναφυγή
234 3385 294 3441 Sor.
316 3403 345 3454 p.
363 3389 440 3455 249).
558 3390 591 3438 1⁷
614 3399 718 3453 parvus
742 3399 765 3438 c.
873 3398 898 3436 a.
923 3383 952 3436 ot
974 3381 1077 3437 mentis

53 3457 246 3527 alienabor),
265 3474 290 3513 a.
309 3456 444 3513 alienatio
463 3457 492 3510 et
510 3453 623 3511 mentiri
641 3470 662 3509 c.
751 3459 783 3510 18
803 3453 916 3508 subdita
934 3469 956 3508 c.
1042 3457 1075 3507 19

54 3527 250 3585 accessionem
268 3544 309 3598 ep.
382 3525 501 3584 sanserit
519 3542 546 3596 c,
569 3523 740 3595 sumpserint
752 3541 782 3594 pa
854 3522 1000 3580 diuisionis
1018 3540 1040 3578 e.
