2510 4020
542 262 760 326 ..24-

141 408 247 470 illines.
293 415 362 489 post
395 406 468 468 haec
501 425 570 469 cum
603 406 709 468 sudare
742 408 875 486 coeperit
902 404 1095 488 confricabis,
1131 414 1165 468 et

141 505 210 577 post
231 495 371 558 balneum
394 513 517 557 rosaceo
541 503 592 557 aut
615 496 743 574 myrtino
766 494 832 555 cieo
855 513 1035 575 perungues.

452 689 539 751 XVII.
576 689 623 750 dd
647 689 840 770 parotidas.

230 815 400 877 Nascuntur
427 814 578 895 parotides
607 816 686 875 circa
714 816 830 875 aurium
859 823 972 897 partes,
1002 813 1082 874 unde
1106 834 1163 876 no-

114 907 220 965 emine
240 923 347 984 graeco
366 907 409 964 sic
428 912 579 965 vocantur.
615 910 645 963 et
663 903 804 963 eveniunt
823 903 996 982 frequenter
1013 904 1046 962 in
1065 905 1162 982 aegri-

142 991 296 1055 tudinibus
311 993 445 1072 malignis
460 1010 533 1072 quas
548 990 653 1051 Graeci
670 991 826 1052 cacoethes
841 991 997 1072 appellant.
1030 993 1162 1052 maxime

141 1080 199 1142 illis
227 1081 293 1142 fieri
316 1081 412 1142 solent
442 1083 494 1161 qui
516 1075 552 1140 ab
577 1077 811 1158 aegritudinibus
840 1079 975 1160 frigidam
1006 1082 1163 1160 potionem

140 1172 406 1250 praesumpserint.
456 1177 487 1230 et
514 1175 584 1229 sunt
616 1167 711 1229 bonae
744 1186 819 1247 quae
853 1168 951 1230 subito
984 1167 1161 1230 inchoantes

142 1276 210 1318 cum
234 1261 363 1319 extantia
386 1261 417 1318 in
441 1258 599 1337 superficie
619 1259 697 1317 cutis
720 1260 912 1336 apparuerint
932 1264 963 1317 et
986 1275 1055 1317 cum
1079 1275 1160 1318 com·

102 1349 256 1427 repetenti
283 1346 384 1407 dolore
414 1355 444 1408 et
471 1345 582 1407 rubore
606 1347 801 1426 competenti,
828 1364 926 1425 neque
951 1346 1163 1407 transvorandi

142 1435 273 1496 officium
296 1443 406 1515 negent
429 1453 527 1515 neque
552 1452 671 1494 somnos
694 1433 864 1514 impediant.
907 1441 978 1495 sunt
1002 1432 1073 1494 aliae
1097 1453 1160 1495 ma-

140 1522 237 1602 lignae
270 1542 345 1603 quae
379 1525 589 1585 contrarietate
622 1540 712 1603 supra
752 1521 898 1584 dictarum
935 1521 1161 1602 intelleguntur.

142 1614 319 1691 contingunt
346 1614 455 1672 iterum
482 1608 633 1691 parotides
665 1628 735 1671 mox
766 1619 943 1691 apparentes
975 1629 1042 1670 mox
1075 1629 1161 1672 rece-

142 1699 260 1761 dentes:
288 1699 378 1760 nullis
405 1697 638 1780 procedentibus
666 1698 835 1781 adiutoriis,
865 1699 969 1761 salutis
991 1698 1162 1780 periculum

102 1805 128 1846 rs
142 1789 291 1871 referunt,
314 1788 350 1849 ad
373 1788 493 1849 altiores
516 1787 690 1868 pulmonum
713 1795 814 1867 partes
840 1789 997 1868 fugientes.

232 1879 395 1939 curationis
434 1887 567 1957 tempere
601 1874 637 1936 ad
669 1875 844 1938 inchoantes
880 1876 1030 1957 parotidas
1065 1876 1162 1938 medi·

143 1973 311 2027 cementum
333 1965 538 2027 diaioreticum
555 1966 598 2027 sic
617 1965 716 2026 iacies.
745 1974 844 2027 cretae
859 1967 1042 2044 argentariae
1057 1974 1163 2046 partes

216 2212 230 2259 1
250 2205 358 2274 ceperit
375 2221 410 2274 p:
434 2205 527 2260 -rint
546 2221 568 2261 c.
677 2203 883 2275 con(9)iricabis
906 2222 933 2261 e:
957 2224 973 2272 z
996 2204 1110 2261 fricabis
1128 2223 1161 2278 12.

142 2282 288 2332 2r0eeceo
300 2293 336 2344 pr
354 2293 434 2332 roseo
453 2292 475 2331 c.
547 2292 686 2347 perunges
704 2293 745 2346 cp.
817 2283 833 2331 3
852 2278 894 2332 tit.
909 2277 953 2332 Ad
967 2277 1112 2347 parotidas
1132 2293 1163 2334 c.-

143 2381 247 2437 Contre
264 2381 407 2453 parotides
420 2399 451 2452 p.
525 2382 690 2451 dperotide
709 2399 730 2440 c.
804 2361 1069 2452 conterendum
1144 2390 1161 2440 5

142 2453 181 2508 sic
200 2470 226 2508 c:
245 2469 295 2509 erc.
310 2470 341 2523 p.
432 2461 448 2508 6
468 2452 599 2523 malignis
619 2469 644 2508 c:
671 2469 721 2508 orn.
736 2469 767 2522 P·
857 2470 928 2522 ques
947 2484 981 2494 —
999 2454 1162 2523 appellent:

143 2539 160 2578 a
173 2522 263 2594 grecis
277 2525 424 2580 ecchoetes
438 2524 586 2594 appellant
598 2540 621 2593 e,
635 2524 753 2594 egreeis
767 2524 954 2579 chachobetas
967 2524 1119 2594 appelletis
1128 2543 1161 2595 p.

142 2597 171 2651 et
189 2596 310 2651 maxime
325 2612 356 2665 p.
429 2595 520 2650 iteri
533 2596 624 2652 solent
638 2612 664 2650 c:
685 2594 852 2666 confingunt
865 2611 895 2664 p.
969 2595 1017 2664 qui
1030 2595 1068 2650 eb
1087 2597 1161 2666 egri-

141 2667 286 2722 tudinibus
303 2665 408 2736 ffigida
425 2667 540 2736 potione
557 2665 810 2736 presumpserinte
831 2668 879 2733 (cf.
898 2667 971 2721 Petr.
990 2683 1012 2723 c.
1026 2669 1091 2734 17),
1109 2668 1162 2736 qui

142 2737 329 2806 egritudinem
352 2753 370 2792 e
391 2737 497 2806 frigide
518 2737 634 2807 potione
657 2739 835 2806 sumpserunt
852 2753 883 2806 p.
991 2743 1007 2793 8
1031 2737 1103 2792 bone
1125 2745 1165 2808 1⁰⁰

144 2809 188 2875 (in
205 2812 319 2877 marg.):
346 2807 418 2864 bene
437 2809 483 2876 (be
497 2814 531 2877 p)
550 2825 591 2877 cp.
682 2814 698 2862 9
722 2807 904 2878 apparuerint
926 2825 952 2877 c,
976 2809 1115 2878 apparent
1128 2827 1161 2879 p.

143 2880 173 2933 et
190 2899 210 2944 e
228 2884 263 2933 eu
285 2879 396 2948 petenti
418 2879 515 2934 dolore
538 2881 567 2934 et
588 2878 689 2934 rubore
708 2879 834 2949 opetenti
851 2896 879 2948 e,
903 2881 1015 2933 etcum
1033 2881 1163 2949 ppetenti

142 2949 243 3004 rubore
257 2951 287 3004 et
300 2949 396 3004 dolore
405 2966 437 3019 p.
511 2956 544 3004 10
558 2966 649 3019 neque
658 2967 693 3019 p:
709 2951 738 3004 et
751 2966 842 3020 neque
856 2966 879 3005 c.
953 2956 985 3003 11
997 2953 1105 3020 negant
1118 2967 1162 3020 cp.

143 3035 275 3089 sompnos
292 3019 425 3089 ipediunt
437 3037 477 3090 p,
501 3037 618 3090 sompno
639 3019 768 3091 ipediant
790 3037 813 3075 c.
905 3026 936 3074 12
959 3020 1164 3076 contrarietate

142 3090 395 3233 iidbbbmbim
427 3107 454 3146 ⁰²
482 3090 860 3232 pppffimfflagpp
871 3091 1013 3217 efflet
1118 3092 1164 3218 iit

142 3233 273 3302 parotide
291 3250 314 3288 c.
406 3239 439 3288 14
457 3233 541 3288 nullis
560 3249 587 3288 c:
605 3234 676 3288 nulli
694 3233 815 3303 (nll'i)p
833 3233 910 3302 (uilis
929 3233 1023 3302 Pac).
1110 3235 1164 3288 ed·

143 3303 253 3359 iuteriis
271 3321 286 3358 c
305 3304 420 3372 (Patr.)=
439 3304 552 3359 adiuret
570 3303 633 3371 (eie)
648 3320 680 3374 p.
772 3303 986 3373 precedentibus
1000 3320 1033 3374 cp
1047 3303 1163 3372 (Pete).

144 3375 265 3442 ofidele.
290 3380 389 3442 6,16.
433 3375 697 3445 eumdem.
807 3380 840 3429 15
859 3375 908 3429 ed:
933 3377 967 3429 ut
985 3391 1012 3444 e,
1035 3377 1166 3445 etp(et

144 3445 259 3502 altiores
281 3463 309 3515 p.
327 3463 356 3516 p.
378 3447 515 3502 cruenter
540 3447 635 3516 Pete).
676 3447 741 3514 fort.
764 3446 797 3500 nt
819 3445 863 3500 ed.
960 3452 993 3500 16
1012 3446 1049 3500 ad
1067 3462 1118 3500 om.
1140 3463 1164 3502 c.

146 3523 178 3573 17
198 3516 393 3573 diaforeticum
412 3534 439 3585 e,
464 3520 593 3573 -tecum
612 3518 675 3585 (eie)
690 3532 721 3587 p.
825 3515 979 3588 argentolio
998 3533 1020 3584 e,
1037 3517 1114 3572 -Ies
1131 3533 1166 3587 p.
