2510 4020
542 208 863 276 —10-'

141 359 273 419 dimittes
291 365 326 418 ut
345 363 487 436 operetur
506 374 601 435 usque
621 355 657 417 ad
680 355 823 417 ruborem
842 358 919 418 cutis
942 373 1032 435 quem
1055 353 1164 416 Graeci

141 448 283 525 linigmon
311 453 426 506 vocant.
471 453 542 506 tunc
564 447 597 505 in
620 445 759 506 balncum
781 447 895 523 mittes,
923 453 955 507 ct
981 462 1050 504 cum
1073 444 1162 504 suda·

141 537 230 616 verit,
254 542 342 615 caput
365 536 397 594 in
416 533 490 594 solio
513 540 548 594 ut
567 541 681 614 mergat
701 533 876 615 imperabis,
899 541 930 594 et
948 551 1066 594 omnem
1085 532 1163 612 cycli

142 626 326 685 curationem
348 620 545 699 terminabis]

36 791 128 845 (1171)
435 781 471 843 ll.
507 780 556 842 Ad
579 784 696 842 tineas
720 783 862 861 capitis.

230 907 339 966 'lineas
362 908 468 985 capitis
491 904 596 966 Graeci
620 905 743 966 achoras
771 913 959 966 vocaverunt.
1002 914 1162 984 emergunt

141 997 315 1074 frequenter
342 997 374 1054 in
402 995 483 1054 corio
512 996 617 1074 capitis
646 1013 683 1055 er
710 997 826 1056 viscoso
857 994 984 1074 quodam
1011 1011 1046 1054 ac
1076 1001 1160 1054 tena-

141 1087 260 1145 cissimo
283 1083 409 1144 humore
432 1082 527 1144 mellis
547 1083 647 1164 simili,
671 1091 705 1144 ut
723 1086 812 1144 etiam
832 1091 862 1144 ct
887 1082 987 1143 ulcera
1011 1083 1161 1144 corticosa

141 1173 285 1234 ostendat.

100 1273 126 1314 10
228 1263 260 1322 in
284 1259 487 1322 curationibus
506 1268 605 1321 autem
623 1261 661 1320 ob
681 1262 864 1321 nimietatem
884 1259 1019 1321 humoris
1038 1268 1160 1340 oportet

139 1352 170 1410 in
193 1351 340 1430 principio
363 1351 569 1429 purgatorium
593 1349 679 1430 dare,
705 1358 740 1410 ut
763 1357 833 1409 sunt
863 1350 1008 1428 catapotia
1031 1347 1161 1410 Galeni

140 1457 215 1517 quae
244 1440 382 1519 superius
410 1439 441 1498 in
468 1440 605 1519 passione
621 1440 735 1519 capitis
764 1440 874 1518 scripta
900 1445 979 1498 sunt.
1015 1439 1062 1497 sin
1085 1455 1158 1497 vero

139 1528 230 1587 luerit
247 1545 341 1606 ‚parva
364 1526 421 1586 hoc
445 1534 491 1587 est
513 1526 629 1587 modica
651 1527 808 1607 ulceratio,
836 1527 964 1587 sufficiat
986 1527 1084 1605 topica
1108 1525 1159 1586 ad-

139 1617 247 1698 iutoria
267 1614 407 1675 adhibere
432 1633 507 1693 quac
527 1633 581 1676 nos
605 1615 708 1676 localia
727 1615 866 1697 dicimus,
890 1623 924 1675 ut
947 1621 994 1674 est
1015 1615 1158 1694 psoricon

100 1717 125 1757 1⁵
139 1702 388 1764 medicamentum
403 1703 439 1762 ad
454 1702 583 1764 scabiem
597 1707 691 1766 totius
706 1706 840 1783 corporis
854 1705 981 1780 inferius
996 1705 1161 1782 scriptum:

138 1811 194 1873 per
216 1792 280 1852 dies
304 1793 436 1870 quinque
460 1799 621 1871 praetonso
644 1795 779 1874 pressius
798 1795 893 1872 capite
916 1794 948 1852 in
971 1791 1032 1852 sole
1055 1790 1102 1852 his
1126 1793 1159 1851 in

139 1876 186 1942 die
211 1881 340 1962 fricabis,
364 1889 394 1942 et
417 1899 486 1941 cum
508 1882 618 1942 videris
635 1881 705 1942 loca
728 1883 854 1942 nimium
875 1881 1050 1961 humectari,
1073 1887 1158 1959 ptyg-

138 1977 216 2030 mate
245 1968 358 2030 fovebis
379 1968 409 2029 id
434 1977 480 2030 est
503 1970 602 2030 calida·
619 1988 696 2049 aqua
719 1973 750 2031 in
774 1988 831 2049 qua
850 1970 973 2031 decocta
992 1976 1062 2029 sunt
1080 1985 1160 2050 rosa,

48 2078 71 2118 a·
86 2069 125 2112 1⁷7
139 2065 237 2118 muria
265 2060 357 2138 sicca,
390 2075 566 2139 cupressus,
591 2051 595 2141 l
620 2058 689 2119 rubi
718 2059 828 2119 virides
855 2060 1004 2133 turioncs,
1032 2057 1159 2135 siliquae

98 2160 125 2200 20
139 2164 262 2226 graecae
291 2147 365 2206 aridi
393 2147 476 2206 rami.
523 2155 553 2208 et
579 2155 737 2227 postquam
764 2148 986 2227 fomentavcris,
1016 2145 1158 2225 cataplas-

137 2243 216 2296 mate
244 2237 353 2316 uteris,
382 2233 439 2294 hoc
467 2241 513 2294 est
541 2235 696 2296 lenticulas
726 2243 756 2296 et
778 2238 907 2297 cortices
931 2234 967 2295 de
992 2234 1068 2294 malo
1091 2253 1158 2314 gra-

138 2331 206 2384 nato
244 2340 355 2401 coques
395 2322 483 2383 simul
520 2326 551 2384 in
583 2342 660 2403 aqua
691 2332 722 2384 et
758 2332 839 2386 teres
876 2326 1048 2404 separatim,
1084 2331 1158 2384 tunc

210 2458 364 2513 ldimittis
383 2473 425 2527 op.
508 2457 659 2530 ifinigmo
675 2476 706 2528 p,
724 2457 864 2529 iimgmon
882 2475 903 2514 c.
943 2479 946 2486 ·
977 2459 1007 2513 in
1024 2458 1159 2514 balneum

136 2530 226 2585 mittis
250 2547 276 2584 c:
300 2530 330 2584 in
352 2529 455 2585 balneo
479 2529 599 2585 dimittis
618 2546 648 2601 p.
757 2537 773 2584 3
803 2547 826 2584 c.
854 2531 887 2585 nt
912 2531 944 2584 in
972 2529 1043 2585 solio
1071 2547 1108 2584 m.
1133 2547 1158 2585 c.

135 2603 266 2670 mergant
288 2618 329 2670 cp.
440 2607 454 2656 7
478 2603 513 2668 cs.
538 2601 600 2656 Gal.
626 2605 690 2656 cato
712 2606 767 2670 top.
786 2601 853 2670 ΧΠ,
877 2607 932 2656 164
955 2603 1056 2670 (corpor.
1082 2601 1158 2671 XIV,

137 2678 189 2726 323
213 2697 248 2716 =
273 2671 380 2726 Oribae.
403 2688 495 2742 sopor.
519 2673 571 2739 IV,
601 2676 654 2741 12).
746 2672 868 2742 quodam
888 2689 923 2742 p:
948 2673 1091 2742 quondam
1114 2689 1158 2743 9ο.

137 2749 153 2797 8
174 2743 201 2796 et
220 2756 270 2795 om.
288 2759 316 2810 p.
390 2748 406 2796 9
425 2743 575 2797 ostendant
588 2759 634 2812 pc.
723 2749 754 2795 11
774 2743 917 2817 catapotia
935 2762 961 2815 9,
981 2743 1094 2814 —putie
1112 2759 1158 2812 po.

156 2812 253 2896 allieni
271 2829 297 2882 9,
316 2812 422 2882 galieni
435 2830 481 2882 pe.
546 2819 600 2897 ‘12
621 2812 740 2883 scriptae
758 2830 819 2884 991.
877 2885 883 2896 ι
912 2815 1158 2869 131101111ωο-

139 2898 379 3037 111151111·
441 2885 1110 3026 ρέἓέῗὲὲῖἓζζῗᾍθοῑέἓο1100111118ῗῖ1
1124 2902 1157 3024 ii

136 3027 256 3095 trgmote
275 3041 335 3096 991.
411 3033 443 3080 ie
457 3029 552 3081 murto
564 3043 591 3096 9,
609 3026 696 3081 miris
707 3043 751 3095 pc.
823 3026 888 3082 rubi
901 3028 964 3082 item
982 3027 1102 3096 siliquae
1121 3056 1157 3068 -

135 3097 222 3151 utaris
245 3112 295 3150 om.
319 3113 341 3151 c.
378 3096 561 3152 rubiviridis
585 3099 683 3167 (11111
705 3100 750 3166 cp)
774 3098 880 3153 111191.
899 3104 936 3169 90.
1027 3097 1157 3153 lotiones

136 3167 177 3235 (id
204 3168 248 3222 est
275 3167 364 3222 cimae
386 3169 436 3238 9⁰).
536 3167 653 3236 siliquae
677 3167 718 3237 (id
745 3171 789 3224 est
818 3185 907 3242 prone
935 3169 1077 3224 silvestres
1105 3169 1157 3239 9⁰).

136 3237 215 3292 silioe
229 3255 260 3307 p.
351 3244 385 3293 20
404 3238 497 3293 aridos
515 3255 607 3294 ramos
624 3257 643 3309 9
661 3239 718 3309 (-1
732 3241 788 3310 pc).
877 3246 910 3294 21
929 3239 1077 3295 Lenticula
1094 3256 1156 3310 991.

136 3309 171 3363 de
188 3308 250 3378 ipsa
268 3309 366 3364 arbore
385 3310 420 3364 de
438 3310 514 3365 malo
537 3313 655 3380 granato
679 3309 719 3378 (id
743 3313 786 3365 est
804 3309 838 3364 de
861 3311 924 3380 ipso
947 3310 1046 3366 arbore
1066 3327 1157 3379 sopra

134 3403 165 3467 9ο
183 3399 232 3466 qui
254 3399 323 3453 delet
345 3399 416 3453 idean
438 3399 470 3452 ia
493 3401 579 3467 teoto)
598 3416 616 3469 9
635 3399 680 3468 (de
699 3399 776 3454 mala
797 3400 918 3468 granato
942 3403 1006 3454 cote
1023 3415 1094 3454 corr.
1113 3401 1155 3470 p):

136 3467 206 3523 mali
224 3469 335 3538 granati
348 3486 394 3537 po.
