2510 4020
467 260 683 324 „13-

75 412 121 466 aut
148 406 289 465 nasturcii
312 421 413 466 semen
437 421 507 466 cum
531 407 633 484 sinape
656 411 687 464 et
710 411 793 464 aceto
816 411 897 466 teras
920 411 951 465 at
972 403 1078 479 illines,

74 502 120 554 aut
154 495 224 554 catti
260 495 401 555 stercoris
436 501 537 573 partes
573 493 647 554 duas
684 495 795 572 sinapis
831 499 946 571 partem
978 509 1068 554 unam
1088 490 1173 593 m
1231 573 1233 588 ⁴

74 601 136 642 cum
162 590 243 643 aceto
267 590 347 643 teras
371 591 401 644 at
430 582 534 644 illines.
556 578 560 661 Ι
582 580 683 660 [aliud.
720 581 865 642 avellanas
896 581 1065 643 combustas
1074 594 1186 647 *martra

74 679 204 732 cantares
231 689 299 732 cum
333 673 457 751 axungia
490 678 541 731 aut
570 671 654 750 adipe
689 673 793 732 ursino
822 676 853 730 et
880 668 946 730 elec
974 669 1012 729 de
1035 670 1079 730 lu·

74 777 156 819 cerna
176 768 205 820 et
227 759 337 840 illines,
360 767 428 822 ante
447 778 518 820 vere
536 761 630 838 ipsam
650 759 804 838 alopiciam
823 761 902 819 nitro
921 759 992 819 trito
1011 773 1106 818 cuma

74 844 163 926 panno
189 846 308 909 fricabis
333 857 363 910 et
380 848 486 909 illinas.
532 848 619 908 aliud.
653 847 769 928 adipem
787 849 924 909 ursinum
943 845 1079 907 euforbio

74 938 189 997 mixtum
213 955 282 998 cum
300 937 365 998 elec
385 937 421 998 de
442 936 565 998 lucerna
587 935 692 997 illines.
729 936 816 997 aliud.
849 944 966 997 stercus
985 935 1080 996 muris

75 1043 135 1086 cum
157 1034 240 1087 aceto
264 1028 369 1088 tritum
392 1034 423 1088 at
444 1025 584 1087 illinitum
607 1025 729 1105 capillos
752 1025 860 1086 educit.

300 1185 347 1246 Vl.
383 1185 433 1246 Ad
458 1184 680 1247 cantabriam
704 1187 844 1264 capitis.

154 1309 343 1371 Cantabriam
374 1308 480 1372 Graeci
512 1311 667 1389 pityriasin
698 1315 813 1370 vocant.
865 1310 990 1387 emergit
1022 1309 1121 1368 ire-10

74 1409 193 1477 quanter
217 1417 253 1459 ax
279 1398 403 1458 bumere
427 1400 489 1458 acri
512 1398 558 1458 vel
581 1400 810 1477 intemperantia
832 1399 968 1476 corporis
992 1413 1080 1476 quam

75 1487 170 1548 Graeci
184 1489 318 1548 acrasian
337 1494 451 1547 vocant.
483 1489 616 1547 nascitur
635 1486 755 1566 quidem
773 1488 909 1565 pruritus
927 1487 959 1546 in
975 1503 1081 1565 super·

73 1575 132 1636 ficie
159 1578 238 1638 cutis
266 1575 413 1655 capillbsis
441 1577 472 1634 in
496 1574 581 1650 locis,
610 1582 645 1635 ut
668 1576 757 1636 etiam
780 1576 970 1636 tenuissimas
994 1592 1080 1652 squa-

73 1664 159 1725 millas
182 1663 243 1725 albi
265 1663 374 1724 coloris
397 1665 533 1725 emittant
557 1663 697 1725 cantabro
721 1662 846 1745 similes,
869 1663 948 1724 unde
972 1681 1080 1724 nomen

74 1755 219 1833 pityriasin
245 1755 368 1832 accepit.
1096 1765 1121 1805 15

153 1845 184 1903 in
213 1839 418 1902 curationibus
449 1857 519 1901 varo
547 1840 591 1900 lac
620 1840 740 1901 ovillum
773 1857 827 1900 scu
859 1838 1004 1900 bubulum
1035 1838 1082 1899 vel

21 2001 22 2012 χ
75 1933 221 2010 caprinum
246 1948 314 1990 cum
334 1929 420 1990 mella
448 1931 534 2009 potui
557 1927 639 1989 dabis
663 1946 718 2008 pre
741 1929 961 2008 comparatione
983 1929 1081 2007 pruri-

74 2027 125 2081 tus.
160 2020 273 2081 etenim
297 2019 465 2079 acredinem
492 2016 627 2078 humoris
656 2016 792 2077 addulcat
819 2016 865 2077 rel
892 2015 1030 2078 obtundit
1052 2023 1083 2078 et

74 2125 127 2169 nen
158 2110 278 2170 curiose
311 2107 363 2167 sad
396 2106 522 2186 simplici
553 2105 725 2168 inductione
757 2113 891 2166 ventrem
928 2105 1082 2185 depurgat.

74 2215 123 2257 nac
158 2215 219 2258 non
257 2197 345 2257 etiam
380 2194 550 2256 llebctomia
587 2213 623 2255 ex
659 2194 781 2255 brachio
818 2195 876 2255 erit
909 2193 1123 2275 adhibendam

74 2287 192 2348 maxime
223 2287 249 2345 si
280 2291 374 2345 aetate
402 2285 525 2345 iuvenes
552 2284 664 2345 fuerint
690 2285 837 2362 patientes
861 2290 891 2344 at
918 2282 1084 2344 secundum

74 2382 201 2436 naturam
243 2373 372 2453 plurimo
414 2375 556 2452 sanguine
598 2371 825 2452 abundaverint,
862 2390 937 2450 quos
978 2370 1084 2432 Graeci

140 2515 281 2579 laynapa
298 2525 324 2580 p,
344 2507 441 2579 sinape
457 2525 486 2578 p,
507 2506 571 2576 -pi
590 2524 611 2562 c.
709 2509 739 2563 at
757 2509 801 2575 (ex
820 2523 841 2573 c,
861 2506 891 2560 in
905 2508 940 2574 p)
959 2507 1039 2561 aceto
1057 2524 1084 2588 p.

74 2577 154 2636 illinis
175 2596 237 2651 ppc.
350 2586 366 2633 2
390 2580 459 2636 catti
486 2577 558 2649 (gaci
583 2579 608 2647 a)
633 2579 739 2632 stercus
762 2595 807 2648 gc,
836 2577 943 2631 siccati.
967 2594 988 2630 a.
1012 2593 1085 2632 coms

76 2670 166 2738 (snpra
186 2670 275 2725 deleta
293 2668 366 2751 gatti
385 2671 442 2724 ater
461 2669 542 2736 corr.)
555 2683 586 2736 p.
673 2665 787 2736 synapis
804 2683 831 2737 p,
850 2665 954 2735 sinapis
968 2682 999 2734 p,
1020 2665 1085 2734 -pi

75 2755 94 2792 c.
199 2739 322 2795 3illin1a
340 2755 385 2810 pc,
406 2738 504 2794 -uies
517 2755 548 2808 p.
657 2743 673 2792 b
697 2735 785 2791 illinis
803 2754 842 2806 pc
865 2739 939 2807 (itam
955 2753 980 2791 u.
1002 2743 1027 2790 6.
1047 2737 1084 2805 7).

74 2812 99 2862 et
112 2829 146 2880 p:
165 2815 217 2868 aab
235 2827 257 2867 e.
336 2826 403 2866 varo
422 2825 472 2864 om.
491 2827 513 2865 c.
594 2808 657 2879 ipsa
674 2807 831 2878 nlopiciap
850 2809 943 2874 (-am
962 2809 994 2876 a).
1068 2813 1084 2860 6

75 2898 161 2948 panno
182 2900 218 2952 p:
252 2897 325 2952 pana
348 2898 363 2935 c
386 2875 566 2951 (ἐκνιτρώσας
589 2879 638 2934 καὶ
662 2873 770 2934 ὀθονίω
795 2875 919 2950 tapetas
938 2877 1000 2934 (rat
1024 2877 1086 2947 XII,

74 2955 140 3023 406).
212 2951 332 3023 frigebis
343 2969 374 3024 p.
447 2951 573 3007 euforbie
592 2967 620 3020 p,
640 2955 674 3005 cia
687 2933 779 3005 ferbio
798 2967 819 3005 c.
893 2948 1044 3004 ilucernia
1062 2964 1084 3003 a.

75 3023 119 3078 boc
139 3025 267 3095 frequens
289 3041 352 3079 rem.
371 3041 396 3078 a.
416 3023 478 3078 Gal.
500 3023 585 3088 XII,
608 3025 673 3076 240.
693 3026 840 3078 311418.
883 3021 975 3076 Marc.
991 3036 1021 3089 p.
1041 3024 1084 3074 45.

30 3094 235 3150 adfinitum
249 3096 309 3164 (sie)
319 3111 364 3165 pc.
443 3100 476 3148 10
489 3092 636 3163 petiriasin
648 3109 681 3161 p,
699 3092 823 3162 ptinasin
841 3108 863 3148 c.
937 3096 968 3144 11
984 3107 1049 3145 acro
1063 3107 1085 3146 c.

77 3170 105 3217 12
124 3166 278 3235 catanien,
297 3183 375 3222 -saa
394 3183 415 3222 c.
520 3163 633 3233 quidem
653 3180 667 3219 c
685 3163 796 3234 (Patr.):
818 3162 934 3233 quidem
951 3179 979 3231 p⁴
1053 3167 1086 3215 13

77 3252 204 3303 squamas
222 3254 237 3293 a
254 3238 361 3306 (Patr).
436 3242 468 3291 15
487 3234 609 3305 pruriasi
621 3251 650 3303 p,
668 3234 803 3304 pilinnsin
821 3250 843 3289 c.
918 3240 950 3288 16
970 3232 1087 3287 ovillum

76 3321 100 3358 c:
117 3307 230 3362 ovinum
240 3325 263 3377 p
282 3308 385 3380 (Pate).
458 3306 594 3362 bubulum
608 3323 635 3360 c:
654 3304 820 3360 bubulinum
832 3321 855 3374 p
875 3304 978 3374 (Palm).
1052 3309 1085 3356 l'l

77 3378 281 3448 comparatione
312 3396 327 3434 c
355 3379 463 3448 (Patr.):
494 3377 625 3432 acredine
645 3393 677 3445 p.
735 3377 799 3443 fort.
833 3373 1086 3446 campmaeaticna.

79 3452 108 3501 18
126 3449 240 3505 adulant
256 3467 292 3519 pe
310 3450 455 3520 (addulcat
471 3451 523 3518 ipa.
542 3464 612 3503 corr.
631 3448 665 3516 c).
740 3453 772 3501 19
790 3451 827 3501 nd
847 3463 873 3501 c:
892 3451 911 3500 ir
930 3447 993 3516 (pro
1011 3445 1041 3513 fi)
1054 3460 1087 3513 p.

80 3522 109 3570 22
126 3519 278 3589 plurimum
296 3521 439 3592 sanguinis
458 3537 479 3576 c.
