2452 4014
540 233 780 298 -156-

153 382 259 443 rodino
288 380 481 442 embrecebis.
523 388 591 460 pest
618 379 694 440 haec
719 377 775 439 sub
798 378 940 440 trmhilice
968 379 1017 441 ilia
1039 388 1149 459 utraque

153 481 183 533 et
210 487 298 534 coxas
326 477 357 531 et
384 487 525 530 manuum
552 477 583 529 et
610 468 720 548 pedum
747 469 932 529 summitates
957 475 1080 530 ‘rutacee
1108 475 1150 530 aut

153 561 284 640 sicyonio
300 565 360 620 eut
382 558 447 618 oleo
471 559 565 618 reteri
587 572 767 636 perungues.

241 647 332 709 aliud.
374 647 469 726 sinapi
497 664 565 707 eum
594 647 699 706 caricis
727 652 758 706 et
785 645 880 706 farina
906 645 1069 709 hordeacea
1094 663 1152 707 cum

127 746 237 818 tacete
265 736 387 798 decocta
416 744 446 796 et
474 737 504 794 in
533 733 740 814 cataplasmate
767 733 933 796 visceribus
961 735 1087 796 adhibita
1111 753 1152 794 er·

148 829 245 892 citant
267 823 453 903 lethargicos.

241 913 329 974 aliud.
371 913 477 973 demus
505 911 651 973 luminosa
683 919 714 972 et
741 914 883 972 stramine
908 910 983 973 dura
1012 920 1063 975 aut
1083 920 1153 972 certe

153 1001 259 1082 frigida
283 1003 420 1063 stratoria
444 1000 593 1062 substrata
617 1003 747 1062 excitant
770 999 914 1062 similiter.

242 1089 330 1152 aliud.
368 1089 461 1170 thymi
484 1107 568 1170 cyma
595 1091 626 1150 in
650 1097 734 1151 aceto
757 1088 880 1150 decocta
904 1105 972 1150 cum
996 1087 1082 1150 melle
1102 1086 1154 1148 sui·

114 1196 140 1234 1e
154 1179 266 1240 ficienti
293 1181 359 1258 ipso
387 1179 502 1258 liquere
533 1180 578 1240 eri
605 1179 706 1240 infuse
737 1177 837 1240 educit
864 1177 970 1257 flegma
998 1186 1029 1239 et
1058 1177 1157 1237 excitat

153 1267 339 1348 lethargicos.
829 1287 830 1290 ¹

243 1356 331 1418 aliud.
368 1359 546 1418 sternutatio
566 1357 660 1436 spissa
679 1373 716 1416 ex
735 1355 871 1416 euforbie
895 1354 941 1415 rel
965 1353 1091 1417 struthio
1111 1360 1158 1412 ant

153 1464 189 1506 ex
211 1447 316 1526 pipere
340 1453 370 1506 et
393 1453 528 1506 castoreo
553 1446 669 1505 excitat.

242 1534 329 1594 aliud.
373 1535 477 1613 capitis
505 1551 609 1594 rasura
637 1535 747 1593 excitat
775 1534 800 1593 si
832 1535 929 1594 urtica
961 1532 1083 1593 feriatur
1112 1536 1158 1590 aut

113 1639 139 1678 n
155 1622 215 1682 sale
238 1623 371 1685 fricetur.

450 1779 564 1842 LXllll.
594 1781 649 1870 'hd
673 1781 869 1843 cardiaces.
974 1859 976 1864 Ι

243 1906 297 1968 Est
311 1915 411 1969 autem
424 1904 559 1968 cardiaca
576 1908 675 1986 passio
693 1905 836 1969 distensio
856 1903 1045 1966 membranae
1059 1904 1159 1982 cerdis,

153 2011 190 2067 er
218 2013 276 2074 qua
299 1997 444 2075 contingit
472 1994 617 2056 exhalatio
644 1995 710 2062 fieri
736 1996 850 2057 animae
877 2012 932 2074 per
961 1994 1099 2056 sudorem
1121 2001 1159 2055 te·

152 2084 275 2164 trierim,
307 2091 442 2146 tumente
476 2081 648 2144 membrana
682 2081 781 2144 cerdis
812 2101 849 2144 ex
881 2083 1068 2144 antecedenti
1097 2099 1158 2162 per·

112 2188 140 2228 re
154 2171 291 2232 frictione
315 2179 367 2233 aut
388 2173 500 2232 vomitu
524 2171 675 2249 frequenti
697 2178 749 2234 aut
772 2189 810 2232 er
831 2171 1002 2254 adustione,
1028 2170 1107 2251 qued
1128 2188 1159 2230 ex

154 2277 317 2322 encausees
339 2260 451 2320 dieunt.
489 2261 627 2338 sequeitur
645 2269 744 2322 autem
763 2267 900 2339 aegrotes
923 2261 1078 2340 perfrictio
1097 2260 1159 2320 arti·

154 2347 303 2430 culorum,
323 2349 412 2410 nimia
430 2350 559 2428 parvitas
577 2348 694 2431 pulsus,
718 2366 806 2427 quam
826 2349 1035 2428 micresfyxian
1055 2347 1160 2426 dicunt,

226 2507 240 2555 1
261 2501 394 2558 umbilico
413 2519 454 2571 cp.
527 2501 589 2556 ilie:
610 2503 638 2558 et
656 2500 708 2556 ille
726 2518 752 2568 c,
772 2503 801 2557 et
819 2501 878 2572 plin
893 2501 962 2571 (elie
975 2503 1132 2586 enicem.)
1141 2515 1160 2568 p

154 2590 243 2657 (eodm
261 2590 304 2658 et).
390 2592 508 2660 utreque
527 2607 554 2658 e,
576 2592 694 2660 uterque
708 2597 744 2660 1⁰⁰
762 2596 787 2645 et
805 2595 869 2648 oete
887 2607 957 2646 cerr.
977 2608 991 2646 e
1010 2593 1040 2660 (u
1105 2593 1161 2646 mdc

153 2676 222 2716 cerr.
236 2663 278 2731 p).
369 2667 385 2716 2
405 2664 437 2717 et
452 2663 527 2729 (ente
545 2662 639 2730 ceres)
657 2677 708 2716 em.
722 2678 753 2730 p.
844 2668 860 2718 3
880 2663 930 2720 eut
950 2662 1040 2718 veteri
1058 2677 1121 2718 eeo
1133 2676 1159 2728 p.

152 2738 170 2786 4
188 2730 285 2802 sinope
299 2748 329 2800 p.
402 2732 538 2790 erdeecea
556 2749 582 2788 e:
602 2731 680 2788 ordei
693 2748 724 2802 p.
797 2737 813 2788 ὅ
832 2735 862 2788 et
880 2733 1054 2803 cataplasma
1072 2751 1100 2788 v.
1117 2731 1160 2788 ed·

152 2801 306 2858 hibendum
323 2819 346 2858 c.
420 2801 524 2858 excitet
536 2821 572 2872 p,
596 2802 684 2859 exibet
702 2820 724 2859 c.
798 2809 814 2859 8
834 2802 940 2860 excitet
951 2821 989 2874 p,
1013 2804 1127 2860 excuret
1141 2817 1161 2856 e.

152 2872 250 2928 stimi
270 2890 302 2942 cp
321 2872 483 2948 (thimip).
574 2891 683 2932 comem
702 2876 806 2945 (-md)
826 2891 867 2944 cp.
958 2874 1107 2931 decoctam
1154 2911 1159 2924 ·

152 2962 181 3016 et
195 2977 257 3016 cum
272 2960 356 3016 melle
370 2979 392 3017 s.
406 2961 466 3033 iffi
479 2961 587 3032 liquore
600 2962 642 3018 eri
655 2963 762 3018 ifusum
780 2980 803 3032 c,
822 2980 886 3021 eum
900 2981 921 3020 s.
939 2963 1017 3020 mell'
1036 2965 1066 3020 et
1083 2943 1157 3033 Ιιιῇοι

151 3055 198 3134 rp'd
215 3067 266 3177 erpi
274 3050 383 3105 infusus
391 3067 430 3177 'pp
503 3057 534 3105 11
553 3051 751 3178 miragiffpst
770 3053 827 3123 (14)
847 3052 952 3178 exeitpl
969 3069 1020 3178 olere
1036 3070 1058 3110 c.
1088 3033 1160 3180 dmg

150 3138 564 3264 ttttttfmld‘phn
587 3212 624 3250 m.
643 3140 822 3250 sirecte
838 3211 869 3265 p.
932 3131 1108 3252 ⁶12⁶sz
1123 3209 1158 3263 s.

150 3267 234 3334 pent)
254 3265 396 3348 sudorem:
415 3263 532 3335 pindere
542 3281 573 3333 p.
645 3264 777 3323 tetricum
790 3267 838 3334 (cf.
854 3264 926 3321 Geel.
941 3265 976 3322 A
992 3282 1037 3322 eor.
1055 3273 1085 3335 2,
1101 3268 1159 3322 167.

150 3353 502 3425 186.190)=aet.icitp.
535 3416 538 3424 ¹
568 3359 601 3408 19
615 3352 812 3424 perfricatione
821 3370 851 3424 p.
916 3359 951 3409 20
965 3356 1015 3410 aut
1029 3358 1156 3425 (vem.)c:

151 3426 220 3494 etp.
293 3441 378 3493 quam
396 3439 557 3491 ennecone,
582 3441 666 3494 quem
691 3440 888 3495 encanseesp.
961 3432 995 3481 22
1014 3427 1122 3497 pulsum
1138 3437 1156 3477 e.

151 3495 251 3552 micres
269 3495 357 3550 faciet
374 3511 397 3563 c,
416 3496 517 3551 micres
536 3494 603 3550 fixia
617 3512 648 3564 p.
