2452 4014
543 232 783 296 -148-

240 378 272 437 in
310 375 514 438 curationibus
546 393 616 436 vero
648 378 787 456 primitus
820 388 975 457 aegrotum
1008 380 1151 459 trispermo

153 463 390 546 cataplasmabis,
419 465 448 525 id
472 475 519 526 est
540 462 639 526 tribus
660 464 825 528 seminibus
848 485 885 527 ex
913 468 993 530 laeui
1017 469 1111 547 graeci
1129 475 1153 528 et

152 555 274 614 seminis
303 553 357 615 lini
387 561 419 614 ct
447 553 552 616 hordei
579 552 752 633 pollinibus.
774 563 843 616 cum
871 573 948 635 aqua
979 565 1011 618 et
1041 556 1103 618 cleo
1130 564 1153 616 et

153 641 269 706 modico
292 640 379 704 melle
408 645 567 704 concoctis.
610 649 640 702 et
667 650 824 723 postquam
853 643 959 708 tuleris
982 645 1153 725 cataplasma,

125 733 216 811 aipsa
238 730 303 794 luca
321 730 416 792 calido
440 729 549 792 sabano
571 729 710 811 deterges
734 740 765 794 et
787 733 853 797 oleo
877 736 998 796 auclino
1021 733 1152 814 tepefacto

151 837 332 900 perungues,
352 829 382 881 ct
400 821 443 880 sic
462 819 528 880 lana
551 819 661 882 munda
682 838 717 883 ao
735 820 817 884 mebi
835 823 953 902 operies
971 832 1003 884 et
1021 821 1153 886 sascmbis.

151 910 242 968 etiam
269 917 299 970 ct
326 908 441 988 oxymel
468 908 584 970 diurnis
612 907 718 970 diebus
749 911 858 971 ieiunis
881 928 951 974 cum
973 929 1052 990 aqua
1071 913 1155 991 apiata

153 995 245 1058 calida
268 994 361 1058 dabis.
396 999 480 1058 norit
501 999 582 1058 enim
604 997 833 1062 crassitudinem
857 997 1004 1078 flegmatis
1027 999 1153 1066 incidere.

139 1087 241 1146 'etiam
268 1094 299 1146 et
326 1087 429 1146 urinas
456 1103 561 1147 eorum
588 1085 764 1165 provocabis
787 1105 824 1148 ex
852 1087 1028 1150 decoctione
1057 1090 1112 1168 apii
1131 1097 1155 1148 et

113 1188 139 1227 ιο
153 1173 274 1236 feniculi
303 1172 437 1235 radicum
472 1177 592 1239 cortice.
638 1176 727 1236 eliam
760 1183 790 1236 et
814 1184 953 1238 -ventrem
985 1177 1090 1257 flegma
1115 1176 1155 1236 dc-

153 1262 332 1324 ducentibus
368 1270 399 1324 et
436 1265 578 1324 vomitum
615 1281 652 1324 ex
683 1263 834 1326 radicibus
864 1265 1050 1344 provocabis.
1098 1274 1155 1346 post

153 1350 227 1413 baec
250 1351 391 1432 epithima
415 1351 462 1412 dia
486 1360 657 1432 spermaton
679 1369 820 1432 appones.

485 1511 545 1572 Lx.
581 1511 629 1574 Ad
653 1504 837 1596 eiiemeras.

243 1633 399 1714 Simplices
427 1633 526 1696 febres
554 1634 795 1715 Hippocrates
826 1637 971 1698 alemenae
1004 1637 1157 1720 appellavit,

114 1739 139 1778 ro
154 1724 242 1785 sicuti
257 1721 412 1785 Galenus
432 1723 467 1784 ad
482 1722 662 1785 Glauconem
677 1723 812 1786 scribens
831 1727 927 1805 primo
947 1725 1023 1788 libro
1040 1727 1157 1788 edocuit.

154 1820 184 1873 et
207 1814 383 1892 contingunt
411 1813 584 1892 frequenter
608 1829 645 1874 ex
668 1812 855 1875 antecedenti
883 1813 984 1876 labore
1014 1823 1064 1877 aut
1085 1817 1156 1875 vino·

152 1901 243 1963 lentia
274 1908 325 1963 aut
357 1900 510 1962 iracundia
542 1910 592 1964 aut
624 1903 745 1964 tristitia
772 1909 824 1963 aut
854 1919 891 1963 ex
920 1903 1157 1983 indigestionibus

153 1999 204 2051 aut
231 1989 328 2069 aliqua
356 1991 534 2070 cogitatione
562 1991 652 2051 animi
682 1989 863 2067 vehementi,
891 1990 1049 2070 aliquando
1077 2000 1107 2053 et
1127 2009 1157 2051 ex

152 2080 308 2158 inguinum
327 2077 438 2157 dolore,
460 2080 598 2158 quotiens
616 2077 789 2157 glandulcsa
811 2087 931 2160 praeter
950 2080 1047 2160 aliqua
1067 2081 1156 2142 ulcera

54 2247 62 2253 .
112 2183 140 2223 eo
155 2166 268 2227 luerint
290 2168 353 2244 ipsa
376 2167 505 2245 inguina.

226 2307 240 2354 1
259 2301 423 2370 buepermon
442 2317 468 2370 c,
488 2299 669 2426 brisgerimon
682 2319 713 2372 p.
810 2307 826 2356 2
845 2303 988 2374 fenugreci
1007 2321 1033 2372 a,
1055 2299 1120 2375 feir¹g
1131 2321 1156 2372 p.

153 2371 244 2427 alini
267 2387 317 2425 oso.
332 2388 363 2442 1).
471 2377 538 2427 bea
559 2388 612 2428 ano
626 2390 662 2443 p:
687 2390 790 2444 sapone
810 2390 831 2430 c.
948 2380 1119 2446 tparunges
1132 2391 1156 2443 p.

152 2443 219 2498 lana
237 2460 263 2498 c:
283 2459 347 2498 cum
366 2443 432 2498 lana
445 2459 477 2512 p.
556 2459 590 2498 ac
608 2459 635 2499 a:
654 2447 683 2500 el
696 2460 728 2514 p.
811 2445 903 2515 operia
922 2462 963 2516 cp.
1047 2447 1158 2502 'letiam

153 2516 195 2569 et:
215 2513 302 2570 eliam
316 2531 347 2584 p,
368 2517 397 2570 et
414 2531 436 2572 c.
509 2513 631 2570 oximell'
652 2532 675 2583 c,
694 2514 798 2572 oximel
807 2533 838 2586 p.
911 2516 1050 2572 diuturnis
1068 2517 1157 2573 diebus

152 2603 180 2656 c,
198 2585 297 2642 diebus
316 2585 455 2640 diuturnis
469 2603 499 2654 p.
590 2585 697 2641 ieiuniir
716 2603 737 2642 e.
830 2604 893 2642 cum
912 2586 1010 2658 epieto
1030 2587 1119 2644 calida
1131 2603 1157 2658 p,

153 2673 216 2712 cum
235 2655 426 2727 aquatepida
447 2657 528 2726 piata
546 2656 639 2712 calida
657 2674 679 2716 c.
789 2665 805 2713 8
824 2657 946 2714 incidere
961 2676 996 2728 p:
1021 2659 1123 2715 scidere
1139 2674 1158 2712 c.

153 2727 276 2812 tetiam
295 2743 346 2782 om.
366 2743 381 2781 c
403 2731 428 2782 el
446 2731 510 2781 aab
528 2743 597 2784 corr.
612 2745 643 2798 p.
735 2734 769 2785 10
791 2729 870 2812 redpd
891 2746 932 2800 cp.
1024 2729 1123 2787 cortice
1139 2745 1157 2794 a,

152 2815 246 2924 ilai
263 2884 285 2935 ο,
308 2799 919 2940 stigmatiari}ababtibus
932 2807 1033 2940 roff}
1046 2801 1095 2927 li
1108 2799 1158 2926 {ll

153 2955 250 2994 merom
267 2939 326 2994 bad.
338 2940 381 3009 p).
455 2944 488 2993 14
506 2957 624 3010 ypocras
638 2958 661 3012 c,
679 2942 913 3012 ypoorelico(e?)a
933 2960 960 3013 p.
1033 2943 1158 3000 alemenae

153 3028 181 3078 a,
201 3009 382 3079 effimereap.
464 3011 606 3081 appell'air
619 3030 655 3082 p,
674 3013 770 3072 -mta
789 3030 811 3070 c.
885 3019 917 3069 15
936 3014 1065 3085 galienus
1082 3031 1107 3083 c,
1129 3012 1157 3068 G.

153 3083 256 3152 (siem)
275 3080 351 3149 (Gal.
372 3079 437 3148 XI,
456 3086 495 3150 6).
585 3083 698 3139 edocuit
716 3101 743 3151 c,
766 3084 911 3157 aedoceuit
927 3102 959 3156 1).
1050 3092 1083 3141 16
1101 3101 1157 3141 cou-

153 3170 240 3240 ungat
258 3185 300 3240 ep.
380 3169 515 3225 violentia
528 3188 564 3243 p,
587 3173 731 3229 vantome
749 3159 827 3242 ates
847 3171 939 3244 necas
958 3173 1042 3246 cat).
1128 3177 1156 3226 m

154 3267 172 3314 e
195 3243 253 3329 alud
279 3259 425 3330 cogitoso&
447 3260 535 3315 enimi
557 3276 585 3329 a,
608 3263 659 3316 aab
680 3261 745 3318 filiis
770 3261 843 3348 (aliia
861 3269 898 3332 1²⁰
919 3264 951 3318 in
973 3267 1069 3334 marg.)
1088 3261 1157 3334 cogi-

152 3346 308 3403 tationibus
327 3347 414 3404 animi
427 3365 459 3420 p.
521 3399 523 3404 .
542 3349 723 3406 vehementer
741 3353 831 3419 t-mt
843 3352 877 3422 p)
895 3368 936 3421 op.
1024 3357 1053 3408 et
1068 3369 1116 3408 om.
1129 3364 1155 3419 p.

153 3435 188 3473 ex
206 3418 262 3490 ing.
272 3419 544 3503 ‘dolorellcontiugib
561 3420 628 3506 odd.
638 3423 684 3492 p):
705 3417 750 3477 lul
766 3423 965 3506 βουβῶσιιθαῑ.
1041 3430 1071 3479 te
1085 3423 1157 3493 glau-

153 3488 252 3545 duloee
271 3492 335 3559 pter
354 3490 449 3560 aliqua
468 3490 541 3546 ulc'a
558 3490 615 3547 furt
633 3509 657 3560 c,
674 3492 842 3563 glanduloeu
861 3494 1015 3565 ahquando
1033 3496 1080 3568 <el
1097 3491 1154 3549 odd.
