2452 4014
549 246 768 311 ..98-

153 405 274 470 spaerae
305 390 459 472 loricatas,
487 398 538 451 aut
560 398 642 452 certe
670 392 696 451 si
714 389 763 450 ‘ad
790 405 933 470 praesens
956 407 1017 452 non
1046 390 1161 473 luerint,

153 477 327 558 simpliciter
341 477 378 539 ad
396 478 501 540 horam
520 478 556 540 de
575 479 642 539 lana
660 478 760 559 lacius,
779 480 868 540 etiam
883 486 913 540 et
927 489 1020 540 unum
1039 480 1159 559 quactile

152 575 256 642 tenue,
284 566 364 647 quod
392 566 576 628 stomachum
606 576 637 628 et
663 566 837 647 praecordio
867 565 957 628 slmul
978 574 1011 629 et
1032 577 1160 630 renuent

152 658 275 736 operiat.
317 656 370 716 sed
393 657 419 716 si
446 656 572 716 forsitan
595 662 626 717 et
652 657 751 735 ipsum
774 657 896 716 minime
919 659 1101 739 occultent,
1124 657 1160 718 dl-

125 744 236 806 ebalos
263 750 433 824 purpureos
465 741 623 823 dffigenter
655 751 798 805 consutos
825 743 962 806 similiter
990 746 1093 806 iacies.
1136 753 1162 806 ot

152 835 251 914 ipsum
278 831 378 893 oleum
406 822 443 893 de
466 849 527 912 quo
554 833 655 893 loreas
679 831 820 894 conficies
842 835 894 893 sio.
931 833 1075 896 abslnthii
1096 847 1160 914 pon-

152 923 262 982 ticl'4
287 920 300 980 l
324 919 344 980 S
367 927 419 982 aut
448 924 474 981 si
501 920 627 982 multum
655 921 742 1003 duis,
769 920 849 982 aloes
878 924 1002 1002 styracis
1029 926 1161 984 mastices

153 1010 287 1070 omnium
314 1010 406 1070 trium
433 1009 484 1069 sc‘r
511 1018 686 1091 quaternos,
713 1011 774 1070 vini
801 1011 911 1071 veteris
939 1017 970 1072 et
996 1010 1056 1072 olei
1087 1013 1162 1092 spani

154 1107 191 1157 ex
209 1096 324 1176 aequali
342 1095 430 1158 modo
449 1103 594 1177 quantum
613 1098 774 1160 suffecerit.
809 1105 915 1170 omues
934 1099 1052 1180 speclea
1074 1100 1162 1181 pn'dic

114 1200 140 1240 10
154 1185 268 1246 infusas
291 1200 403 1265 coques
425 1186 506 1247 lanto
529 1187 597 1266 igne
620 1188 652 1247 in
675 1185 784 1247 cacabo
803 1195 896 1248 teneo
915 1195 1052 1268 stagnata
1075 1189 1162 1250 donoc

154 1275 257 1334 vinum
289 1281 495 1355 consumatur,
527 1285 588 1335 non
618 1283 719 1336 tamen
746 1277 835 1336 nimis
862 1290 900 1337 ne
929 1275 1029 1338 oleum
1061 1277 1162 1338 ardeat

153 1369 185 1422 st
210 1363 309 1442 ipsum
338 1362 438 1424 oleum
464 1363 611 1442 llquatum
637 1365 738 1424 mittes
770 1366 802 1424 ln
832 1364 957 1446 gilone,
987 1373 1019 1426 ct
1052 1365 1162 1446 quando

59 1473 84 1514 o·
100 1464 139 1505 1⁹⁵
153 1464 259 1512 curare
273 1451 413 1532 volueris,
431 1455 530 1531 ipsum
548 1454 647 1532 primo
664 1451 848 1514 laborantem
865 1449 972 1533 supino
993 1454 998 1531 Ι
1018 1454 1162 1538 schcmate

152 1539 305 1618 aequdem
324 1557 416 1619 super
433 1539 519 1600 laneo
537 1541 679 1600 stramine
697 1542 795 1602 iacere
819 1541 911 1603 iacies
930 1541 1073 1604 cruribus
1091 1560 1161 1604 com·

112 1641 138 1682 1⁵
152 1634 290 1706 petentes
313 1627 459 1708 collectis,
488 1636 561 1688 tunc
583 1627 758 1707 praecordia
781 1635 812 1690 et
834 1630 1021 1692 stomachum
1048 1630 1162 1711 quactili

153 1717 284 1796 operies,
316 1722 347 1777 et
376 1717 420 1777 siu
446 1718 546 1796 ipsum
573 1715 712 1796 gillonem
744 1719 777 1778 in
809 1718 866 1780 olla
897 1719 1025 1780 terrenti
1059 1719 1161 1782 celldae

152 1805 321 1866 summittes
348 1811 383 1866 ut
409 1803 509 1866 eleum
535 1805 649 1867 terreat
671 1811 786 1867 tautum
811 1811 955 1887 quantum
982 1807 1096 1887 dlgltus
1117 1807 1161 1868 ho·

151 1895 241 1954 minis
264 1893 391 1954 sufferre
413 1896 561 1975 potuerit,
588 1899 617 1954 et
641 1896 684 1954 slc
711 1893 819 1957 blande
842 1877 1028 1958 stomachum
1052 1895 1161 1958 embro-

153 1980 242 2042 cabis.
285 1989 315 2042 at
342 1999 411 2042 cum
438 2001 474 2044 ex
502 1990 587 2063 parte
615 1982 714 2044 oleum
744 1987 875 2064 tepuerit
905 1984 984 2064 quod
1015 1984 1161 2046 stomacho
1192 2023 1194 2034 ι

111 2085 137 2125 ao
151 2070 307 2151 infuderis,
325 2068 442 2130 iubebis
460 2068 498 2131 de
517 2069 667 2131 embrocis
684 2070 778 2132 laneis
794 2074 1005 2153 suprascriptis
1024 2073 1161 2136 ambobus

151 2159 296 2218 ministris
320 2175 356 2218 ex
379 2165 507 2237 utroque
536 2158 663 2220 laterum
686 2159 851 2223 astantibus
874 2161 1013 2223 celeriter
1035 2164 1116 2244 rapi,
1135 2168 1162 2220 et

150 2247 182 2306 in
205 2241 322 2325 singula
344 2263 413 2306 vasa
434 2243 545 2307 munda
569 2250 730 2329 exprimes,
758 2257 788 2311 et
814 2252 925 2311 iterum
952 2249 1020 2330 plus
1045 2249 1161 2313 calidius

223 2387 366 2453 tsperae
394 2367 481 2454 (ἐπε)
507 2399 567 2453 pop.
675 2381 761 2440 fuerit
786 2401 846 2456 pop.
956 2385 1078 2442 tiocia
1108 2397 1161 2458 ρῳ.

150 2469 288 2540 quactile:
307 2471 445 2540 quatilem
463 2473 598 2542 (tenuem)
617 2488 648 2542 p,
671 2473 794 2542 quactile
813 2459 920 2545 (deific)
964 2516 972 2542 ,
991 2475 1127 2544 quactille
1142 2489 1160 2528 c.

150 2540 256 2612 3qu0d
276 2544 325 2612 (qr)
340 2559 387 2613 cp:
406 2542 455 2613 qui
467 2559 493 2614 p.
566 2542 693 2612 tipsum
707 2545 790 2600 elom
807 2561 832 2616 9.
906 2489 1029 2602 diffusos:
1049 2546 1161 2602 deabsoa

150 2629 177 2738 p,
186 2609 307 2738 pipapspp
323 2629 346 2681 o,
360 2613 474 2740 diappps
482 2629 513 2684 p.
587 2614 739 2741 tibimppipp
753 2617 942 2742 (coppaptoset-
956 2616 1051 2686 ipsum
1064 2633 1120 2743 pire
1133 2617 1160 2686 c).

151 2760 166 2808 7
186 2754 207 2810 1.
228 2701 429 2826 &lisognplgn
453 2701 721 2825 cunaliqedssiiffiaut
729 2702 868 2840 1223th
877 2689 989 2829 ΜΨ·
1004 2703 1042 2800 p?
1034 2690 1162 2840 eilueinpgt

149 2825 184 2878 ΙΙ.
199 2842 229 2894 p.
321 2823 404 2882 aloen
420 2842 453 2910 p,
471 2826 549 2881 aloes
568 2843 594 2895 c,
613 2827 676 2882 aloe
689 2842 721 2896 p.
808 2828 945 2884 Sirracam
962 2845 993 2899 p,
1011 2829 1125 2884 sorrecis
1141 2843 1160 2893 c,

150 2897 242 2950 storad
252 2911 283 2965 p.
343 2897 460 2952 mastica
473 2915 501 2968 p,
516 2896 590 2952 -cis
605 2913 627 2966 o,
642 2899 731 2967 -a'tp,
795 2899 952 2956 Bomnium
966 2930 1000 2940 -
1015 2903 1177 2968 quaternos·

148 2966 368 3094 ffissflffiffl
381 2984 412 3038 o·
490 2971 558 3037 scri
570 2973 693 3094 tsoitfli
711 2985 777 3076 ⁰2·
820 2970 906 3054 arani
924 2971 984 3040 (eo)
1003 2987 1080 3095 oco·t
1145 2973 1159 3072 ⁹.

149 3055 271 3193 {egil
287 3126 309 3166 ο.
351 3055 701 3195 ‘ieiunet‘
718 3056 749 3110 ⁹·
767 3057 916 3194 iiidie
934 3060 981 3195 off
1003 3111 1010 3124 ·
1035 3057 1159 3191 titt

149 3186 184 3235 14
206 3180 276 3236 facis
299 3196 357 3252 pop.
467 3188 499 3237 15
519 3181 627 3288 quatrlp
648 3198 679 3253 p,
703 3182 826 3252 quantula
845 3199 869 3254 1⁹
894 3183 1075 3253 (qualitatum
1094 3184 1123 3237 et
1139 3196 1159 3232 u

148 3291 196 3344 ete.
216 3288 249 3356 c).
324 3293 356 3343 17
371 3286 524 3355 summittis
537 3303 563 3358 9,
578 3287 698 3362 sumitis
707 3293 751 3358 ρο,
765 3287 906 3344 comitatis
921 3304 944 3346 c.
1017 3286 1159 3345 alienabor

147 3357 306 3416 ministros.
318 3400 323 3413 .
335 3399 342 3412 .
352 3359 495 3414 adstantes
515 3375 536 3415 c.
610 3363 643 3412 21
664 3375 698 3413 ex
715 3360 835 3428 utraque
852 3359 974 3415 latarum
987 3376 1015 3430 p,
1032 3374 1068 3416 ex
1085 3359 1155 3414 uuo

147 3445 203 3498 que
220 3428 310 3486 latare
329 3447 351 3498 c,
370 3446 405 3486 ax
422 3431 541 3498 utraque
559 3432 640 3498 parte
654 3445 684 3498 p.
758 3435 793 3484 m
812 3429 944 3500 exprimis
964 3437 1024 3502 erp.
1096 3428 1157 3499 plus

147 3499 265 3556 calidius
282 3517 313 3572 p:
332 3499 455 3556 calidum
473 3500 538 3570 plus
555 3515 583 3567 e,
602 3499 725 3554 calidum
739 3517 770 3570 p.
