2476 4012
542 213 785 280 -184-

153 363 279 426 humore
304 363 416 424 inerint
438 362 595 442 exinaniti,
621 359 778 422 refectioni
802 357 886 420 dabis
909 366 960 421 aut
982 361 1095 440 piscem
1116 368 1160 424 aut

155 451 267 533 aliquid
285 469 322 513 ex
340 449 517 514 volatilibus.
555 451 713 511 etiterum
735 454 804 528 post
826 446 891 510 dies
909 446 934 507 V
953 457 1006 511 aut
1025 447 1077 510 Vll
1098 451 1159 512 sim-

153 541 224 622 plici
250 541 424 622 purgatorio
452 547 482 600 et
509 541 574 600 sine
602 536 699 618 aliqua
731 536 927 619 malignitate,
957 537 1038 618 quod
1065 537 1161 600 Graeci

156 632 304 693 acaciston
327 634 447 709 vocant,
470 645 530 688 non
553 626 649 688 solum
673 625 778 707 semel,
801 625 905 688 sedet
926 627 1160 690 secundointer-

128 722 231 782 eiecta
268 736 327 780 una
362 717 409 778 vel
444 715 560 779 duabus
597 713 768 776 ebdomadis
805 716 833 775 si
867 716 947 776 vires
983 717 1162 798 permittunt,

154 819 290 870 ventrem
316 805 466 887 purgabis.
507 812 538 867 et
560 805 718 866 coniicitur
741 805 792 866 sic.
834 806 1034 866 scammoniae
1057 814 1162 866 assatae

155 897 346 976 semunciam,
369 894 544 957 nucleorum
562 895 634 975 pini,
655 893 777 975 piperis,
796 910 920 954 uvarum
939 893 1162 974 enucleatamm,

156 986 239 1047 coeci
274 983 367 1064 gnidii
399 984 429 1045 id
462 989 508 1044 est
540 983 661 1044 seminis
692 981 831 1064 turbisci,
864 983 997 1043 omnium
1030 990 1162 1062 quattuor

155 1090 245 1154 grana
265 1075 364 1156 quina,
381 1071 478 1134 mellis
496 1071 609 1133 libram.
633 1070 791 1151 diligenter
809 1070 949 1132 conficies
969 1072 1045 1132 etin
1063 1071 1162 1132 doliola

115 1173 142 1214 10
155 1165 251 1224 vitreo
277 1180 414 1241 repones.
456 1169 487 1222 et
514 1160 631 1241 quando
654 1162 700 1221 uti
727 1158 857 1222 volueris
885 1158 968 1222 dabis
992 1159 1162 1222 coclearium

155 1251 168 1312 l
191 1259 243 1314 aut
265 1250 292 1312 ll
316 1269 384 1313 cum
407 1249 517 1312 calidae
542 1249 703 1312 sufficienti
725 1247 823 1310 modo.

245 1339 324 1402 ahud
351 1339 534 1421 hydropicis,
566 1339 692 1400 maxime
719 1337 827 1399 hiemis
854 1345 1004 1419 tempore,
1036 1340 1064 1399 si
1094 1338 1161 1400 torte

156 1431 245 1490 nimia
273 1431 370 1490 tensio
396 1427 444 1489 vel
471 1431 611 1510 serietas,
643 1445 732 1507 quam
767 1427 910 1488 scirrosin
937 1427 1056 1508 dicunt,
1087 1443 1161 1508 prae·

156 1518 266 1579 cordiis
299 1526 349 1579 aut
381 1519 412 1578 io
444 1517 547 1597 splene
576 1518 685 1578 autin
713 1514 837 1578 renibus
864 1517 1047 1594 occurrerit,
1078 1518 1161 1578 etin

115 1604 333 1685 compuribus
356 1611 462 1666 natura
484 1605 609 1686 frigidis.
646 1612 765 1685 oportet
783 1603 902 1666 sacculo
925 1604 1118 1666 desiccatorio
1134 1611 1160 1664 et

157 1712 193 1755 ex
220 1703 305 1775 parte
332 1693 509 1756 relaxatorio
538 1697 590 1756 uti.
626 1695 741 1774 'recipit
767 1693 872 1755 hordei
900 1693 1013 1754 larinas
1038 1702 1069 1755 et
1092 1694 1160 1754 lacni

156 1785 255 1862 graeci
283 1783 394 1844 farinae
423 1790 453 1845 et
480 1785 543 1845 ervi
571 1789 601 1844 et
628 1784 741 1844 cumini
768 1790 799 1844 et
826 1781 1006 1862 stadsagriae
1034 1790 1066 1843 et
1092 1781 1160 1862 salis,

157 1875 289 1933 omnium
321 1891 374 1934 sex
406 1875 436 1930 §S
467 1872 567 1952 binos,
597 1872 708 1935 malvae
736 1873 858 1933 seminis
880 1870 975 1933 moliti
1002 1870 1112 1933 farinae
1136 1877 1161 1931 et

157 1959 298 2022 absinthii
330 1978 430 2041 cymae
463 1969 494 2022 et
525 1961 669 2022 marrubii
701 1962 774 2022 sicci
806 1967 837 2021 et
865 1958 1006 2021 bacarum
1035 1959 1109 2022 lauri
1137 1966 1162 2020 et

116 2063 143 2104 ao
157 2051 232 2110 anisi
256 2056 286 2111 et
309 2051 393 2132 nitri,
417 2050 549 2110 omnium
583 2051 613 2106 §S
641 2048 782 2130 singulos.
825 2066 900 2129 quae
926 2047 1079 2110 tundenda
1101 2055 1161 2110 sunt

157 2137 265 2199 tondes
289 2145 320 2199 et
342 2139 494 2198 rarissimo
518 2137 618 2198 cribro
642 2155 761 2218 cernes,
789 2144 820 2199 et
843 2155 918 2217 quae
941 2136 1079 2199 molenda
1101 2143 1162 2198 sunt

230 2289 415 2346 traiectione
435 2306 461 2345 c:
480 2307 580 2346 -nem
593 2307 624 2360 p.
696 2290 803 2360 piscem
818 2306 852 2360 p:
870 2288 979 2360 piatone
997 2306 1021 2346 c.
1093 2289 1161 2346 tel:
1216 2305 1217 2308 ¹

157 2363 207 2417 aul
225 2377 266 2432 cp.
339 2367 357 2416 4
375 2359 531 2418 caciscaton
545 2377 568 2430 c,
588 2360 739 2417 caciabicon
748 2378 779 2432 ρ.
851 2359 1000 2418 interiecta
1014 2379 1051 2433 p,
1070 2361 1131 2416 -to
1142 2375 1160 2416 c.

158 2438 249 2490 buna
262 2450 298 2504 ρ,
317 2432 337 2488 Ι.
358 2449 380 2490 c.
452 2432 498 2488 vel
517 2433 559 2492 .11.
577 2450 598 2489 c.
672 2431 847 2488 ebdomadis:
867 2431 953 2488 -das
967 2449 990 2499 c,
1009 2431 1124 2488 -dibne
1135 2447 1161 2501 p.

157 2529 173 2577 a
194 2537 341 2578 scamcnee
359 2539 386 2590 c,
405 2526 534 2581 scamnee
552 2538 584 2592 Ρ.
657 2522 763 2576 arsetes
783 2519 808 2596 '5
828 2537 855 2588 c,
878 2523 970 2578 assate
994 2513 1125 2596 senlffr'aom
1135 2535 1161 2590 p.

158 2599 173 2647 '1
193 2593 286 2650 nuclei
299 2593 360 2663 pini
374 2610 401 2664 c,
420 2594 546 2654 nucleatt
561 2591 671 2663 pineatt
680 2609 712 2674 p.
785 2608 903 2647 uvarum
918 2593 1061 2656 enucleant
1078 2609 1099 2663 c,
1117 2606 1161 2646 uve

158 2665 302 2720 enucleate
316 2681 346 2735 ga
445 2671 461 2720 8
480 2669 560 2734 coc(g
568 2667 621 2735 p)o
640 2661 730 2734 gnrdii
748 2679 788 2733 cp.
887 2663 1000 2718 seminis
1018 2661 1132 2720 tmbisci
1142 2677 1163 2731 p

156 2773 193 2836 (et
211 2773 244 2825 in
261 2787 347 2840 marg.
361 2777 410 2840 ρος
429 2742 449 2824 l
466 2774 504 2825 ᾗῑ
519 2799 553 2812 -
572 2771 591 2825 i.
611 2786 632 2824 a.
651 2769 699 2824 hic
716 2768 829 2824 videtur
842 2799 876 2812 -
891 2770 968 2839 quod
984 2770 1121 2827 turbiscus
1133 2767 1164 2824 eil

157 2841 292 2898 laureola.
325 2841 360 2908 cf.
380 2841 427 2897 Pl.
447 2845 493 2908 33,
512 2845 574 2910 88):
594 2840 694 2896 semini
711 2840 786 2910 ylusi
804 2841 868 2910 (sic)
885 2857 907 2896 c.
988 2843 1162 2911 Sqnattnor:

156 2911 218 2967 IIII.
238 2928 265 2980 c,
284 2927 334 2966 om.
348 2928 379 2982 ρ.
487 2911 608 2981 aquina
626 2928 653 2967 c:
672 2916 717 2966 an.
735 2910 821 2968 XXV.
836 2928 866 2982 p.
972 2910 991 2966 l'
1010 2928 1040 2982 c,
1058 2911 1086 2968 l'.
1104 2912 1161 2980 Lp.

159 2983 270 3038 conficis
289 2998 329 3052 cp.
436 2988 469 3036 10
487 2984 517 3038 et
534 2981 608 3038 nitro
625 2981 737 3053 reponis
756 2998 778 3037 c.
882 2989 928 3052 aq3
952 2980 1022 3038 oal'e
1043 2986 1162 3053 (cumque

158 3053 260 3124 calide)
279 3071 300 3108 s.
320 3070 357 3108 m.
371 3070 406 3124 p:
432 3058 466 3108 cn
489 3051 570 3108 celid'
595 3057 656 3122 (om.
682 3053 742 3111 suff.
766 3055 815 3122 m.)
839 3071 861 3108 c.
966 3059 999 3108 12
1018 3052 1125 3124 hyemis
1141 3068 1162 3106 c:

156 3124 231 3180 veris
244 3141 275 3195 p.
349 3130 383 3179 ta
402 3124 524 3180 semeias
542 3141 569 3180 c:
595 3125 722 3180 anmatos
736 3141 767 3195 Ρ.
840 3123 957 3180 seirosin
971 3141 1006 3195 p,
1033 3123 1129 3181 sireein
1144 3137 1162 3177 c.

159 3201 191 3250 ta
211 3193 320 3267 frigida.
339 3197 402 3264 (eie)
421 3211 447 3250 c:
471 3194 662 3279 (rigidioribus
677 3213 709 3266 p.
749 3267 755 3280 ι
799 3201 832 3251 16
852 3197 879 3263 lp
897 3212 923 3251 c:
944 3210 995 3251 oen.
1010 3213 1059 3281 p..
1139 3195 1164 3248 et

157 3283 312 3407 bblcddum)
334 3267 556 3418 bhlosheglllohphl
579 3273 643 3393 sex.1
645 3274 812 3394 gbblnblbbb
822 3265 894 3393 {lt
913 3273 1163 3418 colrlblmeblmbmlbl

157 3407 241 3462 bacas
255 3424 286 3477 p.
359 3414 394 3465 20
409 3424 466 3464 orm
481 3408 520 3464 35
536 3407 651 3479 emgl'as
666 3427 693 3478 c,
713 3409 837 3466 omnium
851 3410 988 3464 sextmos
1007 3408 1128 3480 singulos
1136 3421 1162 3476 p.

159 3484 191 3533 21
213 3481 242 3534 et
259 3479 391 3535 molendo
407 3480 496 3536 moles
515 3496 537 3536 c.
