2452 4014
465 247 702 310 -rli-

166 393 284 452 sivero
308 391 405 452 alonia
434 390 525 452 luerit
547 392 662 452 vesicae
690 393 720 452 id
744 399 790 452 est
812 391 962 475 debilitas,
990 394 1088 455 subito

73 484 180 542 urinae
199 479 364 559 egerendae
384 479 610 541 delectationem
628 483 796 561 patiuntur,
820 490 938 544 etcum
956 484 1089 562 mingere

75 572 232 650 coeperint
254 585 322 629 cnm
345 569 459 648 ingenti
483 575 590 630 conatu
609 576 640 630 et
658 571 769 650 gemitu
792 569 968 634 humerosae
988 573 1089 632 urinas

76 658 252 739 excludunt,
288 665 340 719 aut
370 675 425 737 per
458 675 595 720 somnum
626 658 825 720 involuntario
856 658 941 738 lapsu
972 660 1089 721 urinam

76 750 225 811 emittunt.
267 754 297 806 et
320 746 495 825 frequenter
517 746 590 808 baec
613 750 712 827 passio
735 746 883 828 paralysin
906 749 1020 809 vesicae
1044 747 1116 808 iri-⁵

77 845 174 898 turam
197 835 352 915 significat.

167 925 315 1004 contingit
340 926 450 1008 iterum
477 923 598 1004 dysuria
624 927 655 985 in
684 926 780 988 vesica
807 925 939 987 ulcerata
970 930 1022 986 aut
1052 943 1090 984 ex

76 1013 202 1076 renibus
229 1015 364 1075 irruente
392 1012 488 1092 lapide
516 1022 651 1094 extensa,
679 1022 730 1075 ant
755 1013 860 1076 limosa
886 1022 937 1075 aut
966 1030 1091 1074 arenosa

76 1103 219 1182 qualitate
238 1101 363 1162 solidato
383 1109 414 1161 et
431 1100 551 1179 globoso
570 1103 727 1182 sangnine,
746 1120 836 1181 quem
854 1101 959 1163 Graeci
978 1101 1089 1163 throm-

75 1191 135 1254 bon
159 1190 321 1271 appellant,
343 1191 375 1250 in
397 1190 463 1269 ipso
487 1189 594 1252 urinali
617 1200 715 1252 meatu
740 1190 870 1252 obtrusa
1104 1205 1131 1245 10

166 1280 313 1359 contingit
330 1279 439 1338 iterum
457 1277 578 1358 dysuria
600 1280 632 1338 in
653 1279 838 1358 aegritudine
861 1281 999 1360 pessima,
1022 1297 1090 1340 curn

76 1371 168 1430 luerit
190 1375 296 1429 natura
319 1385 374 1428 suo
398 1366 496 1428 obicio
519 1369 642 1446 privata.

168 1457 330 1518 curationis
350 1473 421 1515 vero
445 1464 578 1535 tempore
598 1458 624 1515 si
646 1455 738 1517 suerit
755 1473 791 1516 ex
815 1456 926 1535 frigore
949 1465 1000 1518 aut
1022 1474 1090 1536 pro·

76 1546 167 1608 lunda
195 1545 389 1625 perfrictione
417 1543 554 1624 dysuriae
583 1546 716 1606 causatio
743 1562 812 1606 cum
839 1547 953 1624 ingenti
979 1544 1090 1625 dolore,

76 1635 176 1696 oleum
189 1642 346 1695 rutaccnm
364 1651 419 1713 per
432 1633 569 1712 podicem
583 1633 757 1712 frequenter
771 1641 893 1713 aegroto
910 1633 1091 1696 iniciendum
1106 1646 1131 1688 15

76 1733 130 1785 est.
172 1725 205 1784 in
232 1722 351 1783 feminis
375 1740 445 1782 vero
470 1723 585 1784 matrici
609 1730 655 1783 est
682 1721 907 1784 infundendum.
950 1725 1093 1784 etiamst

1 1885 2 1889 Ἰ
76 1815 265 1874 extrinsecus
284 1809 452 1890 pubetenus
468 1828 608 1891 praeraso
628 1812 739 1890 pectini
752 1810 800 1870 vel
817 1809 989 1888 inguinibus
1007 1810 1091 1871 lanae

75 1899 271 1981 apponendae
298 1917 335 1960 ex
363 1899 429 1961 oleo
452 1901 575 1980 cyprino
599 1898 754 1978 calefacto,
781 1897 939 1977 aliquando
961 1897 1090 1960 admixto

75 1999 228 2070 castoreo,
256 1991 282 2048 si
308 1988 386 2050 forte
413 1986 481 2067 plus
509 1987 638 2049 calefieri
666 1988 842 2066 oportuerit.
885 1996 916 2048 et
938 1989 965 2048 si
986 1993 1092 2048 venter

1 2153 2 2156 Ἴ
74 2078 269 2157 abstinuerit,
296 2076 423 2157 clystere
451 2078 509 2138 erit
535 2075 728 2138 deducendus
751 2095 788 2136 ex
817 2074 989 2137 decoctione
1013 2077 1092 2136 iaeni
1106 2089 1133 2130 20

73 2169 175 2248 graeci
199 2175 251 2227 aut
273 2165 381 2226 radicis
404 2164 515 2226 malvae
538 2165 603 2226 oleo
627 2164 769 2228 admixto·
808 2162 990 2226 adhibendae
1021 2174 1092 2226 sunt

74 2259 166 2318 etiam
199 2255 373 2316 insessionis
405 2255 647 2335 lamentationes,
677 2272 746 2315 nam
774 2253 880 2316 Graeci
910 2253 1093 2316 encathisma

115 2517 127 2556 r
141 2441 310 2555 tiramni*
328 2459 357 2512 p.
466 2447 482 2494 3
507 2441 614 2513 ceperit
636 2459 677 2512 cp.
785 2449 802 2496 4
830 2459 881 2512 per
908 2457 1036 2496 somnum
1063 2443 1092 2510 (p

126 2527 140 2556 0

73 2569 202 2648 Q
211 2567 241 2636 p)
256 2582 278 2635 p
297 2565 407 2635 (Petra
427 2582 544 2636 sompno
562 2582 584 2622 c.
662 2571 677 2622 7
698 2567 770 2636 (item
790 2571 832 2620 11.
851 2567 895 2632 14)
914 2562 1033 2620 dissutis
1050 2579 1092 2632 cp.

1 2683 3 2686 v
75 2657 224 2714 diruente
242 2671 268 2724 c,
286 2654 403 2710 inuenti
416 2671 447 2723 p.
526 2657 576 2710 ant
598 2655 732 2725 (limosa):
759 2655 855 2708 autem
874 2668 916 2723 ep.
988 2649 1093 2708 810Ῑὶ-

75 2729 145 2784 data
167 2729 217 2782 ant
239 2725 356 2796 globosa
378 2741 405 2793 c,
427 2725 570 2782 sordidata
592 2727 643 2782 aut
664 2725 781 2796 glebosa
797 2741 828 2794 p.
937 2739 1023 2794 qnam
1049 2739 1091 2793 cp.

74 2797 209 2856 trombcn
226 2813 252 2852 c:
272 2795 404 2851 trnmbon
417 2813 448 2866 p.
523 2803 556 2852 10
572 2798 700 2854 obstrusa
717 2813 758 2866 cp.
834 2802 866 2850 11
886 2794 1092 2866 egritudinibus

75 2868 205 2940 pessimis
223 2884 264 2938 cp.
338 2873 371 2921 13
390 2883 457 2924 vero
475 2885 502 2924 c:
525 2883 575 2924 om.
590 2885 621 2938 p.
693 2871 743 2922 aut
760 2883 786 2922 e:
811 2868 857 2922 vel
871 2883 902 2937 p.
978 2871 1012 2920 14
1028 2882 1092 2934 per-

75 2940 187 2996 strictio
201 2955 231 3009 p.
304 2943 338 2992 15
357 2937 528 2994 iniciendam
546 2941 643 3009 egroto
663 2941 723 3007 (om.
738 2939 787 3006 est)
796 2953 827 3007 p.
903 2943 936 2993 16
950 2935 1054 2993 matrix
1068 2954 1091 2994 c.

77 3018 108 3070 1'l
124 3012 282 3082 pubetenus
296 3024 323 3065 e:
342 3025 392 3065 om.
402 3026 433 3079 p.
505 3009 617 3078 pectine
631 3025 672 3078 cp.
745 3012 779 3062 18
793 3007 885 3064 celido
898 3024 929 3078 p.
1002 3006 1090 3062 mixto

76 3099 102 3149 c,
120 3081 229 3139 amitto
243 3099 273 3152 p.
384 3087 417 3136 19
436 3079 461 3135 si
479 3079 552 3135 forte
571 3079 688 3136 calidius
706 3079 766 3134 lieri
780 3095 824 3148 op.
842 3096 866 3150 p
883 3080 918 3148 (si
936 3077 1009 3134 forte
1027 3077 1091 3148 pins

76 3153 201 3208 calidum
223 3151 283 3207 fieri
305 3166 350 3222 op.
370 3151 468 3220 Pete),
492 3150 522 3205 Si
543 3166 610 3205 vero
632 3152 696 3221 plns
715 3149 838 3206 calefieri
861 3167 904 3218 op.
924 3166 946 3205 c.
1055 3153 1091 3203 20

78 3224 184 3279 clistesi
202 3239 224 3280 c.
314 3224 358 3278 est
370 3240 401 3293 p.
488 3227 520 3276 iil
539 3220 643 3276 radicis
660 3237 683 3290 c,
705 3222 819 3290 indrtp
838 3221 975 3289 (radicum
995 3219 1090 3288 Petu).

77 3295 185 3351 amixto
204 3294 267 3350 oleo
280 3311 311 3363 p.
420 3294 485 3348 sunt
506 3292 593 3348 etism
609 3309 641 3362 pa
665 3307 716 3347 om.
736 3309 750 3346 c
767 3291 828 3358 (ubi
850 3290 995 3346 sdhridnm
1013 3289 1031 3343 i.
1050 3289 1090 3354 f.).

77 3371 110 3421 22
124 3365 295 3421 incensiones
308 3363 524 3419 lamentationes
533 3379 560 3417 cr
575 3362 715 3418 sensiones
725 3361 845 3488 §tobosa
858 3359 1090 3442 fomentationam

76 3451 95 3504 p
113 3436 261 3506 (sessiones
279 3434 364 3505 Sim).
454 3450 519 3489 nam
538 3450 566 3489 ca
589 3450 695 3502 quesp
712 3437 727 3500 (
746 3434 812 3502 im).
902 3433 1091 3486 encatrsms'sc

79 3507 275 3574 (encetismatc
293 3505 380 3575 Sim).
