<?xml version="1.0" encoding="UTF-8"?>
<!DOCTYPE html PUBLIC "-//W3C//DTD XHTML 1.0 Transitional//EN"
    "http://www.w3.org/TR/xhtml1/DTD/xhtml1-transitional.dtd">
<html xmlns="http://www.w3.org/1999/xhtml" xml:lang="en" lang="en">
 <head>
  <title>
</title>
<meta http-equiv="Content-Type" content="text/html;charset=utf-8" />
  <meta name='ocr-system' content='tesseract 3.04.00' />
  <meta name='ocr-capabilities' content='ocr_page ocr_carea ocr_par ocr_line ocrx_word'/>
</head>
<body>
  <div class='ocr_page' id='page_1' title='image "./cassiifelicisde02feligoog_0071.png"; bbox 0 0 2510 4020; ppageno 0'>
   <div class='ocr_carea' id='block_1_1' title="bbox 468 243 686 308">
    <p class='ocr_par' dir='ltr' id='par_1_1' title="bbox 468 243 686 308">
     <span class='ocr_line' id='line_1_1' title="bbox 468 243 686 308; baseline -0.009 -16"><span class='ocrx_word' id='word_1_1' title='bbox 468 243 686 308; x_wconf 85' lang='lat'>..59...</span> 
     </span>
    </p>
   </div>
   <div class='ocr_carea' id='block_1_2' title="bbox 77 386 1085 654">
    <p class='ocr_par' dir='ltr' id='par_1_2' title="bbox 77 386 1085 654">
     <span class='ocr_line' id='line_1_2' title="bbox 79 386 1085 467; baseline 0.002 -17"><span class='ocrx_word' id='word_1_2' title='bbox 79 388 207 450; x_wconf 86' lang='lat' dir='ltr'><strong>similiter</strong></span> <span class='ocrx_word' id='word_1_3' title='bbox 229 389 300 450; x_wconf 86' lang='lat' dir='ltr'><strong>lacit</strong></span> <span class='ocrx_word' id='word_1_4' title='bbox 317 386 509 467; x_wconf 77' lang='lat' dir='ltr'><strong>singulariter</strong></span> <span class='ocrx_word' id='word_1_5' title='bbox 527 397 558 450; x_wconf 89' lang='lat' dir='ltr'><strong>et</strong></span> <span class='ocrx_word' id='word_1_6' title='bbox 581 391 628 450; x_wconf 86' lang='lat' dir='ltr'><strong>ori</strong></span> <span class='ocrx_word' id='word_1_7' title='bbox 646 387 808 452; x_wconf 73' lang='lat' dir='ltr'>columbini</span> <span class='ocrx_word' id='word_1_8' title='bbox 826 388 925 452; x_wconf 86' lang='lat' dir='ltr'><strong>album</strong></span> <span class='ocrx_word' id='word_1_9' title='bbox 943 397 1085 452; x_wconf 85' lang='lat' dir='ltr'><strong>attenua</strong></span> 
     </span>
     <span class='ocr_line' id='line_1_3' title="bbox 77 477 381 542; baseline -0.007 -2"><span class='ocrx_word' id='word_1_10' title='bbox 77 480 107 540; x_wconf 92' lang='lat' dir='ltr'><strong>in</strong></span> <span class='ocrx_word' id='word_1_11' title='bbox 126 477 217 542; x_wconf 86' lang='lat' dir='ltr'><strong>oculis</strong></span> <span class='ocrx_word' id='word_1_12' title='bbox 239 477 381 540; x_wconf 87' lang='lat' dir='ltr'><strong>inlusum.</strong></span> 
     </span>
     <span class='ocr_line' id='line_1_4' title="bbox 159 565 1085 654; baseline 0 -27"><span class='ocrx_word' id='word_1_13' title='bbox 159 566 312 646; x_wconf 79' lang='lat' dir='ltr'><strong>collyrium</strong></span> <span class='ocrx_word' id='word_1_14' title='bbox 321 568 616 646; x_wconf 87' lang='lat' dir='ltr'><strong>superinunctorium</strong></span> <span class='ocrx_word' id='word_1_15' title='bbox 628 567 708 646; x_wconf 79' lang='lat' dir='ltr'><strong>quod</strong></span> <span class='ocrx_word' id='word_1_16' title='bbox 718 565 824 630; x_wconf 85' lang='lat' dir='ltr'><strong>Graeci</strong></span> <span class='ocrx_word' id='word_1_17' title='bbox 837 565 1085 654; x_wconf 71' lang='lat' dir='ltr'><strong>yperonchriston</strong></span> 
     </span>
    </p>
   </div>
   <div class='ocr_carea' id='block_1_3' title="bbox 76 653 1174 737">
    <p class='ocr_par' dir='ltr' id='par_1_3' title="bbox 76 653 1174 737">
     <span class='ocr_line' id='line_1_5' title="bbox 76 653 1174 737; baseline 0.004 -22"><span class='ocrx_word' id='word_1_18' title='bbox 76 665 183 718; x_wconf 75' lang='lat' dir='ltr'><strong>vocant</strong></span> <span class='ocrx_word' id='word_1_19' title='bbox 218 653 343 718; x_wconf 85' lang='lat' dir='ltr'><strong>lacitad</strong></span> <span class='ocrx_word' id='word_1_20' title='bbox 362 654 488 734; x_wconf 80' lang='lat' dir='ltr'><strong>byp&#39;opia</strong></span> <span class='ocrx_word' id='word_1_21' title='bbox 507 656 603 716; x_wconf 89' lang='lat' dir='ltr'><strong>idest</strong></span> <span class='ocrx_word' id='word_1_22' title='bbox 624 655 733 718; x_wconf 85' lang='lat' dir='ltr'><strong>livores</strong></span> <span class='ocrx_word' id='word_1_23' title='bbox 755 654 998 737; x_wconf 70' lang='lat' dir='ltr'><strong>palpebrarum!</strong></span> <span class='ocrx_word' id='word_1_24' title='bbox 1019 653 1073 734; x_wconf 75' lang='lat' dir='ltr'><strong>[ci</strong></span> <span class='ocrx_word' id='word_1_25' title='bbox 1094 669 1174 719; x_wconf 65' lang='lat' dir='ltr'><strong>astar</strong></span> 
     </span>
    </p>
   </div>
   <div class='ocr_carea' id='block_1_4' title="bbox 76 723 1192 826">
    <p class='ocr_par' dir='ltr' id='par_1_4' title="bbox 76 723 1192 826">
     <span class='ocr_line' id='line_1_6' title="bbox 76 723 1192 826; baseline 0 -21"><span class='ocrx_word' id='word_1_26' title='bbox 76 753 156 807; x_wconf 83' lang='lat' dir='ltr'><strong>culae</strong></span> <span class='ocrx_word' id='word_1_27' title='bbox 178 743 289 806; x_wconf 79' lang='lat' dir='ltr'><strong>herbae</strong></span> <span class='ocrx_word' id='word_1_28' title='bbox 310 745 378 805; x_wconf 84' lang='lat' dir='ltr'><strong>suci</strong></span> <span class='ocrx_word' id='word_1_29' title='bbox 400 742 438 804; x_wconf 77' lang='lat' dir='ltr'><strong>dr</strong></span> <span class='ocrx_word' id='word_1_30' title='bbox 460 743 520 823; x_wconf 89' lang='lat' dir='ltr'><strong>Vll,</strong></span> <span class='ocrx_word' id='word_1_31' title='bbox 542 746 657 809; x_wconf 77' lang='lat' dir='ltr'><strong>acaciae</strong></span> <span class='ocrx_word' id='word_1_32' title='bbox 681 743 719 807; x_wconf 72' lang='lat' dir='ltr'><strong>dr</strong></span> <span class='ocrx_word' id='word_1_33' title='bbox 736 743 783 825; x_wconf 83' lang='lat' dir='ltr'><strong>Vl,</strong></span> <span class='ocrx_word' id='word_1_34' title='bbox 805 747 887 806; x_wconf 89' lang='lat' dir='ltr'><strong>croci</strong></span> <span class='ocrx_word' id='word_1_35' title='bbox 910 742 947 805; x_wconf 72' lang='lat' dir='ltr'><strong>dr</strong></span> <span class='ocrx_word' id='word_1_36' title='bbox 964 743 1000 826; x_wconf 84' lang='lat'><strong>11,</strong></span> <span class='ocrx_word' id='word_1_37' title='bbox 1024 723 1192 826; x_wconf 56' lang='lat' dir='ltr'><strong>ab-‚dffi</strong></span> 
     </span>
    </p>
   </div>
   <div class='ocr_carea' id='block_1_5' title="bbox 74 831 1086 1003">
    <p class='ocr_par' dir='ltr' id='par_1_5' title="bbox 74 831 1086 1003">
     <span class='ocr_line' id='line_1_7' title="bbox 75 831 1086 915; baseline 0.004 -23"><span class='ocrx_word' id='word_1_38' title='bbox 75 833 171 894; x_wconf 77' lang='lat' dir='ltr'><strong>sindiii</strong></span> <span class='ocrx_word' id='word_1_39' title='bbox 194 835 260 896; x_wconf 89' lang='lat' dir='ltr'><strong>suci</strong></span> <span class='ocrx_word' id='word_1_40' title='bbox 283 840 313 894; x_wconf 85' lang='lat' dir='ltr'><strong>et</strong></span> <span class='ocrx_word' id='word_1_41' title='bbox 335 850 455 896; x_wconf 85' lang='lat' dir='ltr'><strong>murrae</strong></span> <span class='ocrx_word' id='word_1_42' title='bbox 478 831 514 895; x_wconf 77' lang='lat' dir='ltr'><strong>dr</strong></span> <span class='ocrx_word' id='word_1_43' title='bbox 538 833 681 915; x_wconf 77' lang='lat' dir='ltr'><strong>singulas,</strong></span> <span class='ocrx_word' id='word_1_44' title='bbox 709 835 769 914; x_wconf 91' lang='lat' dir='ltr'><strong>opii</strong></span> <span class='ocrx_word' id='word_1_45' title='bbox 792 835 881 912; x_wconf 59' lang='lat' dir='ltr'><strong>sarpa</strong></span> <span class='ocrx_word' id='word_1_46' title='bbox 904 832 945 915; x_wconf 88' lang='lat' dir='ltr'><strong>tl,</strong></span> <span class='ocrx_word' id='word_1_47' title='bbox 974 835 1086 896; x_wconf 81' lang='lat' dir='ltr'><strong>cummi</strong></span> 
     </span>
     <span class='ocr_line' id='line_1_8' title="bbox 74 921 669 1003; baseline 0.002 -21"><span class='ocrx_word' id='word_1_48' title='bbox 74 921 111 982; x_wconf 76' lang='lat' dir='ltr'><strong>dr</strong></span> <span class='ocrx_word' id='word_1_49' title='bbox 131 921 196 1003; x_wconf 85' lang='lat'>1111,</span> <span class='ocrx_word' id='word_1_50' title='bbox 219 939 313 1000; x_wconf 85' lang='lat' dir='ltr'><strong>aquae</strong></span> <span class='ocrx_word' id='word_1_51' title='bbox 336 921 416 1002; x_wconf 87' lang='lat' dir='ltr'><strong>quod</strong></span> <span class='ocrx_word' id='word_1_52' title='bbox 440 923 601 985; x_wconf 79' lang='lat' dir='ltr'><strong>suffecerit.</strong></span> <span class='ocrx_word' id='word_1_53' title='bbox 664 942 669 950; x_wconf 92' lang='lat'><strong>·</strong></span> 
     </span>
    </p>
   </div>
   <div class='ocr_carea' id='block_1_6' title="bbox 159 1080 1085 1286">
    <p class='ocr_par' dir='ltr' id='par_1_6' title="bbox 159 1080 1085 1286">
     <span class='ocr_line' id='line_1_9' title="bbox 178 1080 972 1162; baseline 0.004 -20"><span class='ocrx_word' id='word_1_54' title='bbox 178 1080 268 1142; x_wconf 72' lang='lat' dir='ltr'><strong>XXX</strong></span> <span class='ocrx_word' id='word_1_55' title='bbox 305 1080 354 1142; x_wconf 82' lang='lat' dir='ltr'><strong>Ad</strong></span> <span class='ocrx_word' id='word_1_56' title='bbox 377 1080 516 1142; x_wconf 84' lang='lat' dir='ltr'><strong>lluxum</strong></span> <span class='ocrx_word' id='word_1_57' title='bbox 539 1083 726 1162; x_wconf 85' lang='lat' dir='ltr'><strong>sanguinis</strong></span> <span class='ocrx_word' id='word_1_58' title='bbox 750 1101 791 1144; x_wconf 80' lang='lat' dir='ltr'><strong>er</strong></span> <span class='ocrx_word' id='word_1_59' title='bbox 814 1080 972 1146; x_wconf 84' lang='lat' dir='ltr'><strong>naribus.</strong></span> 
     </span>
     <span class='ocr_line' id='line_1_10' title="bbox 159 1205 1085 1286; baseline 0 -20"><span class='ocrx_word' id='word_1_60' title='bbox 159 1205 318 1285; x_wconf 83' lang='lat' dir='ltr'><strong>Sanguinis</strong></span> <span class='ocrx_word' id='word_1_61' title='bbox 345 1223 432 1270; x_wconf 80' lang='lat' dir='ltr'><strong>vero,</strong></span> <span class='ocrx_word' id='word_1_62' title='bbox 448 1205 525 1267; x_wconf 84' lang='lat' dir='ltr'><strong>liuor</strong></span> <span class='ocrx_word' id='word_1_63' title='bbox 556 1224 644 1286; x_wconf 81' lang='lat' dir='ltr'><strong>parra</strong></span> <span class='ocrx_word' id='word_1_64' title='bbox 681 1205 878 1268; x_wconf 66' lang='lat' dir='ltr'><strong>destillatione</strong></span> <span class='ocrx_word' id='word_1_65' title='bbox 910 1225 965 1286; x_wconf 89' lang='lat' dir='ltr'><strong>per</strong></span> <span class='ocrx_word' id='word_1_66' title='bbox 997 1224 1085 1267; x_wconf 87' lang='lat' dir='ltr'><strong>nares</strong></span> 
     </span>
    </p>
   </div>
   <div class='ocr_carea' id='block_1_7' title="bbox 70 1392 1087 2102">
    <p class='ocr_par' dir='ltr' id='par_1_7' title="bbox 70 1392 1087 2102">
     <span class='ocr_line' id='line_1_11' title="bbox 141 1392 1086 1464; baseline -0.002 -15"><span class='ocrx_word' id='word_1_67' title='bbox 141 1399 156 1449; x_wconf 88' lang='lat'><em>1</em></span> <span class='ocrx_word' id='word_1_68' title='bbox 175 1397 252 1464; x_wconf 81' lang='lat' dir='ltr'><strong>ungi</strong></span> <span class='ocrx_word' id='word_1_69' title='bbox 268 1410 287 1464; x_wconf 78' lang='lat' dir='ltr'><strong>p</strong></span> <span class='ocrx_word' id='word_1_70' title='bbox 305 1392 498 1464; x_wconf 75' lang='lat' dir='ltr'><strong>(singulariter</strong></span> <span class='ocrx_word' id='word_1_71' title='bbox 516 1396 568 1464; x_wconf 79' lang='lat' dir='ltr'><strong>cp).</strong></span> <span class='ocrx_word' id='word_1_72' title='bbox 659 1393 771 1449; x_wconf 83' lang='lat' dir='ltr'><strong>columb</strong></span> <span class='ocrx_word' id='word_1_73' title='bbox 789 1409 807 1463; x_wconf 81' lang='lat' dir='ltr'><strong>p</strong></span> <span class='ocrx_word' id='word_1_74' title='bbox 826 1392 932 1460; x_wconf 87' lang='lat' dir='ltr'><strong>(-bini</strong></span> <span class='ocrx_word' id='word_1_75' title='bbox 945 1409 982 1463; x_wconf 80' lang='lat' dir='ltr'><strong>p,</strong></span> <span class='ocrx_word' id='word_1_76' title='bbox 1008 1393 1086 1448; x_wconf 77' lang='lat' dir='ltr'><strong>-bi·</strong></span> 
     </span>
     <span class='ocr_line' id='line_1_12' title="bbox 72 1463 1085 1536; baseline -0.001 -15"><span class='ocrx_word' id='word_1_77' title='bbox 72 1466 143 1521; x_wconf 87' lang='lat' dir='ltr'><strong>nacii</strong></span> <span class='ocrx_word' id='word_1_78' title='bbox 161 1469 193 1534; x_wconf 87' lang='lat' dir='ltr'><strong>c).</strong></span> <span class='ocrx_word' id='word_1_79' title='bbox 303 1471 319 1520; x_wconf 75' lang='lat'>2</span> <span class='ocrx_word' id='word_1_80' title='bbox 339 1464 428 1520; x_wconf 86' lang='lat' dir='ltr'><strong>oculis</strong></span> <span class='ocrx_word' id='word_1_81' title='bbox 445 1481 506 1534; x_wconf 73' lang='lat' dir='ltr'><strong>pop.</strong></span> <span class='ocrx_word' id='word_1_82' title='bbox 614 1472 630 1522; x_wconf 84' lang='grc'>3</span> <span class='ocrx_word' id='word_1_83' title='bbox 650 1465 863 1535; x_wconf 79' lang='lat' dir='ltr'><strong>superinnnaioi</strong></span> <span class='ocrx_word' id='word_1_84' title='bbox 884 1481 918 1536; x_wconf 73' lang='lat' dir='ltr'><strong>pc</strong></span> <span class='ocrx_word' id='word_1_85' title='bbox 940 1463 1085 1534; x_wconf 80' lang='lat' dir='ltr'><strong>(·-rii1p).</strong></span> 
     </span>
     <span class='ocr_line' id='line_1_13' title="bbox 73 1537 1086 1662; baseline -0.002 -70"><span class='ocrx_word' id='word_1_86' title='bbox 73 1545 124 1608; x_wconf 81' lang='lat' dir='ltr'><strong>qne</strong></span> <span class='ocrx_word' id='word_1_87' title='bbox 141 1553 159 1610; x_wconf 76' lang='lat' dir='ltr'><strong>p</strong></span> <span class='ocrx_word' id='word_1_88' title='bbox 177 1540 210 1662; x_wconf 45' lang='grc' dir='ltr'><strong>(Ϋ</strong></span> <span class='ocrx_word' id='word_1_89' title='bbox 226 1539 277 1606; x_wconf 74' lang='lat' dir='ltr'><strong>op).</strong></span> <span class='ocrx_word' id='word_1_90' title='bbox 358 1537 581 1618; x_wconf 31' lang='lat' dir='ltr'><strong>yperanchriston</strong></span> <span class='ocrx_word' id='word_1_91' title='bbox 594 1553 621 1606; x_wconf 79' lang='lat' dir='ltr'><strong>p,</strong></span> <span class='ocrx_word' id='word_1_92' title='bbox 639 1537 768 1606; x_wconf 83' lang='lat' dir='ltr'><strong>hypera(i</strong></span> <span class='ocrx_word' id='word_1_93' title='bbox 778 1537 918 1608; x_wconf 73' lang='lat' dir='ltr'><strong>ploririon</strong></span> <span class='ocrx_word' id='word_1_94' title='bbox 930 1538 995 1606; x_wconf 62' lang='lat' dir='ltr'><strong>dp).</strong></span> <span class='ocrx_word' id='word_1_95' title='bbox 1068 1541 1086 1590; x_wconf 79' lang='lat'>4</span> 
     </span>
     <span class='ocr_line' id='line_1_14' title="bbox 71 1607 1086 1679; baseline 0 -17"><span class='ocrx_word' id='word_1_96' title='bbox 71 1609 114 1664; x_wconf 77' lang='lat' dir='ltr'><strong>fac</strong></span> <span class='ocrx_word' id='word_1_97' title='bbox 131 1625 164 1679; x_wconf 77' lang='lat' dir='ltr'><strong>pc</strong></span> <span class='ocrx_word' id='word_1_98' title='bbox 182 1607 298 1678; x_wconf 87' lang='lat' dir='ltr'><strong>(aciens</strong></span> <span class='ocrx_word' id='word_1_99' title='bbox 311 1607 353 1678; x_wconf 82' lang='lat' dir='ltr'><strong>p).</strong></span> <span class='ocrx_word' id='word_1_100' title='bbox 444 1607 542 1678; x_wconf 84' lang='lat' dir='ltr'><strong>rpopia</strong></span> <span class='ocrx_word' id='word_1_101' title='bbox 558 1624 595 1676; x_wconf 74' lang='lat' dir='ltr'><strong>pp</strong></span> <span class='ocrx_word' id='word_1_102' title='bbox 615 1607 674 1679; x_wconf 73' lang='lat' dir='ltr'><strong>(ipa</strong></span> <span class='ocrx_word' id='word_1_103' title='bbox 691 1608 724 1677; x_wconf 87' lang='lat' dir='ltr'><strong>c).</strong></span> <span class='ocrx_word' id='word_1_104' title='bbox 817 1609 862 1664; x_wconf 82' lang='lat' dir='ltr'><strong>bio</strong></span> <span class='ocrx_word' id='word_1_105' title='bbox 878 1607 979 1676; x_wconf 75' lang='lat' dir='ltr'><strong>finitur</strong></span> <span class='ocrx_word' id='word_1_106' title='bbox 997 1611 1086 1662; x_wconf 79' lang='lat' dir='ltr'><strong>textae</strong></span> 
     </span>
     <span class='ocr_line' id='line_1_15' title="bbox 71 1677 1086 1749; baseline -0.002 -15"><span class='ocrx_word' id='word_1_107' title='bbox 71 1682 201 1749; x_wconf 78' lang='lat' dir='ltr'><strong>simulque</strong></span> <span class='ocrx_word' id='word_1_108' title='bbox 218 1680 309 1748; x_wconf 76' lang='lat' dir='ltr'><strong>qualia</strong></span> <span class='ocrx_word' id='word_1_109' title='bbox 330 1694 383 1747; x_wconf 80' lang='lat' dir='ltr'><strong>per</strong></span> <span class='ocrx_word' id='word_1_110' title='bbox 400 1693 427 1732; x_wconf 81' lang='lat' dir='ltr'><strong>aa</strong></span> <span class='ocrx_word' id='word_1_111' title='bbox 445 1679 510 1732; x_wconf 86' lang='lat' dir='ltr'><strong>olim</strong></span> <span class='ocrx_word' id='word_1_112' title='bbox 527 1677 585 1745; x_wconf 70' lang='lat' dir='ltr'><strong>fait</strong></span> <span class='ocrx_word' id='word_1_113' title='bbox 602 1680 703 1734; x_wconf 82' lang='lat' dir='ltr'><strong>codicis</strong></span> <span class='ocrx_word' id='word_1_114' title='bbox 722 1677 910 1748; x_wconf 79' lang='lat' dir='ltr'><strong>Soapolleosis</strong></span> <span class='ocrx_word' id='word_1_115' title='bbox 927 1681 969 1748; x_wconf 74' lang='lat' dir='ltr'><strong>(q)</strong></span> <span class='ocrx_word' id='word_1_116' title='bbox 986 1679 1086 1746; x_wconf 81' lang='lat' dir='ltr'><strong>foliam</strong></span> 
     </span>
     <span class='ocr_line' id='line_1_16' title="bbox 71 1749 1087 1818; baseline -0.003 -12"><span class='ocrx_word' id='word_1_117' title='bbox 71 1752 195 1806; x_wconf 78' lang='lat' dir='ltr'><strong>ultimam</strong></span> <span class='ocrx_word' id='word_1_118' title='bbox 219 1752 252 1804; x_wconf 79' lang='lat' dir='ltr'><strong>ia</strong></span> <span class='ocrx_word' id='word_1_119' title='bbox 270 1749 370 1804; x_wconf 79' lang='lat' dir='ltr'><strong>altimo</strong></span> <span class='ocrx_word' id='word_1_120' title='bbox 384 1764 450 1818; x_wconf 71' lang='lat' dir='ltr'><strong>pop.</strong></span> <span class='ocrx_word' id='word_1_121' title='bbox 469 1749 554 1817; x_wconf 78' lang='lat'><em>(208)</em></span> <span class='ocrx_word' id='word_1_122' title='bbox 571 1765 626 1804; x_wconf 80' lang='lat' dir='ltr'><strong>asa</strong></span> <span class='ocrx_word' id='word_1_123' title='bbox 643 1751 787 1817; x_wconf 67' lang='lat' dir='ltr'><strong>demtum,</strong></span> <span class='ocrx_word' id='word_1_124' title='bbox 808 1766 897 1806; x_wconf 80' lang='lat' dir='ltr'><strong>cocao</strong></span> <span class='ocrx_word' id='word_1_125' title='bbox 919 1750 1028 1818; x_wconf 76' lang='lat' dir='ltr'><strong>qaidrm</strong></span> <span class='ocrx_word' id='word_1_126' title='bbox 1044 1765 1087 1804; x_wconf 84' lang='lat' dir='ltr'><strong>re·</strong></span> 
     </span>
     <span class='ocr_line' id='line_1_17' title="bbox 71 1821 1085 1890; baseline -0.001 -13"><span class='ocrx_word' id='word_1_127' title='bbox 71 1823 132 1878; x_wconf 81' lang='lat' dir='ltr'><strong>licio</strong></span> <span class='ocrx_word' id='word_1_128' title='bbox 158 1838 216 1878; x_wconf 79' lang='lat' dir='ltr'><strong>eoo</strong></span> <span class='ocrx_word' id='word_1_129' title='bbox 237 1821 296 1878; x_wconf 78' lang='lat' dir='ltr'><strong>oiri</strong></span> <span class='ocrx_word' id='word_1_130' title='bbox 317 1821 404 1874; x_wconf 66' lang='lat' dir='ltr'><strong>triam</strong></span> <span class='ocrx_word' id='word_1_131' title='bbox 429 1821 515 1878; x_wconf 75' lang='lat' dir='ltr'><strong>antra</strong></span> <span class='ocrx_word' id='word_1_132' title='bbox 541 1821 655 1878; x_wconf 63' lang='lat' dir='ltr'><strong>ultimae</strong></span> <span class='ocrx_word' id='word_1_133' title='bbox 682 1821 770 1876; x_wconf 78' lang='lat' dir='ltr'><strong>licere</strong></span> <span class='ocrx_word' id='word_1_134' title='bbox 796 1826 961 1890; x_wconf 65' lang='lat' dir='ltr'><strong>quadorum</strong></span> <span class='ocrx_word' id='word_1_135' title='bbox 986 1821 1085 1889; x_wconf 66' lang='lat' dir='ltr'><strong>walia.</strong></span> 
     </span>
     <span class='ocr_line' id='line_1_18' title="bbox 70 1891 1086 1964; baseline -0.003 -15"><span class='ocrx_word' id='word_1_136' title='bbox 70 1899 219 1964; x_wconf 69' lang='lat' dir='ltr'><strong>reponam</strong></span> <span class='ocrx_word' id='word_1_137' title='bbox 237 1893 292 1948; x_wconf 79' lang='lat' dir='ltr'><strong>duo</strong></span> <span class='ocrx_word' id='word_1_138' title='bbox 309 1892 382 1959; x_wconf 80' lang='lat' dir='ltr'><strong>folia</strong></span> <span class='ocrx_word' id='word_1_139' title='bbox 400 1893 438 1960; x_wconf 79' lang='lat' dir='ltr'><strong>(p.</strong></span> <span class='ocrx_word' id='word_1_140' title='bbox 452 1895 609 1959; x_wconf 72' lang='lat' dir='ltr'><strong>ana—12)</strong></span> <span class='ocrx_word' id='word_1_141' title='bbox 626 1893 731 1960; x_wconf 64' lang='lat' dir='ltr'><strong>famae</strong></span> <span class='ocrx_word' id='word_1_142' title='bbox 743 1892 960 1962; x_wconf 66' lang='lat' dir='ltr'><strong>potenciores</strong></span> <span class='ocrx_word' id='word_1_143' title='bbox 974 1891 1009 1946; x_wconf 85' lang='lat' dir='ltr'><strong>ab</strong></span> <span class='ocrx_word' id='word_1_144' title='bbox 1025 1892 1086 1960; x_wconf 79' lang='lat' dir='ltr'><strong>ipsa</strong></span> 
     </span>
     <span class='ocr_line' id='line_1_19' title="bbox 72 1959 1086 2033; baseline -0.006 -13"><span class='ocrx_word' id='word_1_145' title='bbox 72 1965 162 2020; x_wconf 75' lang='lat' dir='ltr'><strong>Gnosii</strong></span> <span class='ocrx_word' id='word_1_146' title='bbox 179 1960 344 2019; x_wconf 78' lang='lat' dir='ltr'><strong>radicanda</strong></span> <span class='ocrx_word' id='word_1_147' title='bbox 362 1962 454 2018; x_wconf 80' lang='lat' dir='ltr'><strong>minna</strong></span> <span class='ocrx_word' id='word_1_148' title='bbox 473 1962 566 2016; x_wconf 77' lang='lat' dir='ltr'><strong>aliena</strong></span> <span class='ocrx_word' id='word_1_149' title='bbox 584 1979 667 2032; x_wconf 78' lang='lat' dir='ltr'><strong>qaam</strong></span> <span class='ocrx_word' id='word_1_150' title='bbox 685 1963 734 2033; x_wconf 74' lang='lat' dir='ltr'><strong>qui</strong></span> <span class='ocrx_word' id='word_1_151' title='bbox 752 1968 815 2017; x_wconf 82' lang='lat' dir='ltr'><strong>cote</strong></span> <span class='ocrx_word' id='word_1_152' title='bbox 834 1962 960 2020; x_wconf 71' lang='lat' dir='ltr'><strong>oncino</strong></span> <span class='ocrx_word' id='word_1_153' title='bbox 973 1963 1006 2028; x_wconf 85' lang='lat' dir='ltr'><strong>(o.</strong></span> <span class='ocrx_word' id='word_1_154' title='bbox 1023 1959 1086 2030; x_wconf 87' lang='lat' dir='ltr'><strong>XI)</strong></span> 
     </span>
     <span class='ocr_line' id='line_1_20' title="bbox 70 2031 1087 2102; baseline -0.001 -12"><span class='ocrx_word' id='word_1_155' title='bbox 70 2035 279 2093; x_wconf 78' lang='lat' dir='ltr'><strong>concitabatur</strong></span> <span class='ocrx_word' id='word_1_156' title='bbox 303 2038 460 2102; x_wconf 79' lang='lat' dir='ltr'><strong>compactae</strong></span> <span class='ocrx_word' id='word_1_157' title='bbox 483 2032 626 2101; x_wconf 74' lang='lat' dir='ltr'><strong>Sulpiciae</strong></span> <span class='ocrx_word' id='word_1_158' title='bbox 650 2031 765 2088; x_wconf 77' lang='lat' dir='ltr'><strong>Severus</strong></span> <span class='ocrx_word' id='word_1_159' title='bbox 788 2033 929 2100; x_wconf 73' lang='lat' dir='ltr'><strong>cisarcen</strong></span> <span class='ocrx_word' id='word_1_160' title='bbox 952 2037 977 2087; x_wconf 85' lang='lat' dir='ltr'><strong>ct</strong></span> <span class='ocrx_word' id='word_1_161' title='bbox 1000 2037 1087 2089; x_wconf 77' lang='lat' dir='ltr'><strong>aelata</strong></span> 
     </span>
    </p>
   </div>
   <div class='ocr_carea' id='block_1_8' title="bbox 69 2104 1087 2316">
    <p class='ocr_par' dir='ltr' id='par_1_8' title="bbox 69 2104 1087 2316">
     <span class='ocr_line' id='line_1_21' title="bbox 69 2104 1087 2175; baseline -0.004 -12"><span class='ocrx_word' id='word_1_162' title='bbox 69 2109 158 2162; x_wconf 77' lang='lat' dir='ltr'><strong>maior</strong></span> <span class='ocrx_word' id='word_1_163' title='bbox 174 2109 208 2174; x_wconf 85' lang='lat' dir='ltr'><strong>(a.</strong></span> <span class='ocrx_word' id='word_1_164' title='bbox 228 2105 300 2175; x_wconf 87' lang='lat' dir='ltr'><em>IX).</em></span> <span class='ocrx_word' id='word_1_165' title='bbox 332 2108 398 2173; x_wconf 81' lang='lat' dir='ltr'><strong>pont</strong></span> <span class='ocrx_word' id='word_1_166' title='bbox 419 2104 618 2174; x_wconf 82' lang='lat' dir='ltr'><strong>palpebrarum</strong></span> <span class='ocrx_word' id='word_1_167' title='bbox 642 2111 793 2175; x_wconf 75' lang='lat' dir='ltr'><strong>aequantur·</strong></span> <span class='ocrx_word' id='word_1_168' title='bbox 815 2107 848 2160; x_wconf 79' lang='lat' dir='ltr'><strong>ia</strong></span> <span class='ocrx_word' id='word_1_169' title='bbox 866 2104 1087 2174; x_wconf 70' lang='lat' dir='ltr'><strong>Cantabriqicco</strong></span> 
     </span>
     <span class='ocr_line' id='line_1_22' title="bbox 70 2175 1085 2248; baseline -0.002 -16"><span class='ocrx_word' id='word_1_170' title='bbox 70 2195 139 2248; x_wconf 78' lang='lat' dir='ltr'><strong>qaae</strong></span> <span class='ocrx_word' id='word_1_171' title='bbox 166 2195 186 2232; x_wconf 88' lang='lat' dir='ltr'><strong>c</strong></span> <span class='ocrx_word' id='word_1_172' title='bbox 208 2175 303 2232; x_wconf 83' lang='lat' dir='ltr'><strong>Ocsoio</strong></span> <span class='ocrx_word' id='word_1_173' title='bbox 325 2177 455 2232; x_wconf 71' lang='lat' dir='ltr'><strong>videntia</strong></span> <span class='ocrx_word' id='word_1_174' title='bbox 477 2176 571 2230; x_wconf 75' lang='lat' dir='ltr'><strong>ollem</strong></span> <span class='ocrx_word' id='word_1_175' title='bbox 597 2192 651 2232; x_wconf 80' lang='lat' dir='ltr'><strong>aare</strong></span> <span class='ocrx_word' id='word_1_176' title='bbox 680 2178 739 2234; x_wconf 69' lang='lat' dir='ltr'><strong>aaa</strong></span> <span class='ocrx_word' id='word_1_177' title='bbox 760 2177 982 2248; x_wconf 63' lang='lat' dir='ltr'><strong>emmaum</strong></span> <span class='ocrx_word' id='word_1_178' title='bbox 1008 2176 1085 2232; x_wconf 81' lang='lat' dir='ltr'><strong>boae.-</strong></span> 
     </span>
     <span class='ocr_line' id='line_1_23' title="bbox 70 2245 1087 2316; baseline -0.004 -12"><span class='ocrx_word' id='word_1_179' title='bbox 70 2249 160 2304; x_wconf 82' lang='lat' dir='ltr'><strong>cicuba</strong></span> <span class='ocrx_word' id='word_1_180' title='bbox 175 2291 181 2305; x_wconf 92' lang='lat'><strong>.</strong></span> <span class='ocrx_word' id='word_1_181' title='bbox 198 2289 204 2304; x_wconf 94' lang='lat'>.</span> <span class='ocrx_word' id='word_1_182' title='bbox 220 2287 227 2304; x_wconf 89' lang='lat'><strong>.</strong></span> <span class='ocrx_word' id='word_1_183' title='bbox 241 2245 344 2304; x_wconf 81' lang='lat' dir='ltr'><strong>sufficit</strong></span> <span class='ocrx_word' id='word_1_184' title='bbox 362 2247 431 2314; x_wconf 83' lang='lat' dir='ltr'><strong>(bac</strong></span> <span class='ocrx_word' id='word_1_185' title='bbox 443 2262 528 2316; x_wconf 78' lang='lat' dir='ltr'><strong>arque</strong></span> <span class='ocrx_word' id='word_1_186' title='bbox 541 2247 623 2302; x_wconf 83' lang='lat' dir='ltr'><strong>etiam</strong></span> <span class='ocrx_word' id='word_1_187' title='bbox 640 2248 673 2302; x_wconf 81' lang='lat' dir='ltr'><strong>ia</strong></span> <span class='ocrx_word' id='word_1_188' title='bbox 691 2248 841 2315; x_wconf 72' lang='lat' dir='ltr'><strong>Parisino).</strong></span> <span class='ocrx_word' id='word_1_189' title='bbox 878 2247 924 2302; x_wconf 85' lang='lat' dir='ltr'><strong>Ad</strong></span> <span class='ocrx_word' id='word_1_190' title='bbox 942 2247 1087 2303; x_wconf 87' lang='lat' dir='ltr'><strong>oculorum</strong></span> 
     </span>
    </p>
   </div>
   <div class='ocr_carea' id='block_1_9' title="bbox 69 2316 1090 2886">
    <p class='ocr_par' dir='ltr' id='par_1_9' title="bbox 69 2316 1090 2886">
     <span class='ocr_line' id='line_1_24' title="bbox 71 2316 1087 2390; baseline 0 -18"><span class='ocrx_word' id='word_1_191' title='bbox 71 2318 243 2390; x_wconf 79' lang='lat' dir='ltr'><strong>sanguinem.</strong></span> <span class='ocrx_word' id='word_1_192' title='bbox 288 2334 384 2373; x_wconf 87' lang='lat' dir='ltr'><strong>aucum</strong></span> <span class='ocrx_word' id='word_1_193' title='bbox 408 2320 471 2372; x_wconf 79' lang='lat' dir='ltr'><strong>rute</strong></span> <span class='ocrx_word' id='word_1_194' title='bbox 495 2316 591 2372; x_wconf 86' lang='lat' dir='ltr'><strong>cimini</strong></span> <span class='ocrx_word' id='word_1_195' title='bbox 638 2319 762 2374; x_wconf 87' lang='lat' dir='ltr'><strong>ulverem</strong></span> <span class='ocrx_word' id='word_1_196' title='bbox 791 2318 923 2373; x_wconf 81' lang='lat' dir='ltr'><strong>albumen</strong></span> <span class='ocrx_word' id='word_1_197' title='bbox 947 2318 994 2373; x_wconf 83' lang='lat' dir='ltr'><strong>ori</strong></span> <span class='ocrx_word' id='word_1_198' title='bbox 1016 2319 1087 2372; x_wconf 81' lang='lat' dir='ltr'><strong>iem·</strong></span> 
     </span>
     <span class='ocr_line' id='line_1_25' title="bbox 69 2337 1087 2472; baseline -0.003 -27"><span class='ocrx_word' id='word_1_199' title='bbox 69 2406 140 2458; x_wconf 90' lang='lat' dir='ltr'><strong>pera</strong></span> <span class='ocrx_word' id='word_1_200' title='bbox 166 2393 195 2444; x_wconf 79' lang='lat' dir='ltr'><strong>et</strong></span> <span class='ocrx_word' id='word_1_201' title='bbox 217 2403 374 2472; x_wconf 86' lang='lat' dir='ltr'><strong>superpone</strong></span> <span class='ocrx_word' id='word_1_202' title='bbox 397 2387 434 2443; x_wconf 86' lang='lat' dir='ltr'><strong>ad</strong></span> <span class='ocrx_word' id='word_1_203' title='bbox 455 2387 533 2443; x_wconf 90' lang='lat' dir='ltr'><strong>idem</strong></span> <span class='ocrx_word' id='word_1_204' title='bbox 556 2337 693 2444; x_wconf 52' lang='lat' dir='ltr'><strong>masssceu</strong></span> <span class='ocrx_word' id='word_1_205' title='bbox 716 2389 859 2458; x_wconf 81' lang='lat' dir='ltr'><strong>lanugreci</strong></span> <span class='ocrx_word' id='word_1_206' title='bbox 876 2405 940 2444; x_wconf 86' lang='lat' dir='ltr'><strong>roae</strong></span> <span class='ocrx_word' id='word_1_207' title='bbox 958 2387 1031 2443; x_wconf 89' lang='lat' dir='ltr'><strong>sicae</strong></span> <span class='ocrx_word' id='word_1_208' title='bbox 1050 2387 1087 2442; x_wconf 89' lang='lat' dir='ltr'><strong>ci·</strong></span> 
     </span>
     <span class='ocr_line' id='line_1_26' title="bbox 70 2458 1087 2542; baseline -0.002 -28"><span class='ocrx_word' id='word_1_209' title='bbox 70 2477 179 2516; x_wconf 88' lang='lat' dir='ltr'><strong>marum</strong></span> <span class='ocrx_word' id='word_1_210' title='bbox 201 2461 264 2515; x_wconf 86' lang='lat' dir='ltr'><strong>rubr</strong></span> <span class='ocrx_word' id='word_1_211' title='bbox 290 2458 350 2514; x_wconf 89' lang='lat' dir='ltr'><strong>licii</strong></span> <span class='ocrx_word' id='word_1_212' title='bbox 373 2459 485 2530; x_wconf 82' lang='lat' dir='ltr'><strong>aqualia</strong></span> <span class='ocrx_word' id='word_1_213' title='bbox 509 2459 638 2542; x_wconf 79' lang='lat' dir='ltr'><strong>pondera</strong></span> <span class='ocrx_word' id='word_1_214' title='bbox 664 2459 835 2530; x_wconf 82' lang='lat' dir='ltr'><strong>distempera</strong></span> <span class='ocrx_word' id='word_1_215' title='bbox 864 2476 928 2514; x_wconf 88' lang='lat' dir='ltr'><strong>aum</strong></span> <span class='ocrx_word' id='word_1_216' title='bbox 956 2475 1030 2529; x_wconf 88' lang='lat' dir='ltr'><strong>aqua</strong></span> <span class='ocrx_word' id='word_1_217' title='bbox 1053 2458 1087 2513; x_wconf 89' lang='lat' dir='ltr'><strong>de</strong></span> 
     </span>
     <span class='ocr_line' id='line_1_27' title="bbox 69 2527 1089 2601; baseline -0.002 -15"><span class='ocrx_word' id='word_1_218' title='bbox 69 2549 135 2588; x_wconf 85' lang='lat' dir='ltr'><strong>rosa</strong></span> <span class='ocrx_word' id='word_1_219' title='bbox 160 2531 205 2586; x_wconf 83' lang='lat' dir='ltr'><strong>fac</strong></span> <span class='ocrx_word' id='word_1_220' title='bbox 228 2529 421 2601; x_wconf 81' lang='lat' dir='ltr'><strong>magdaliones</strong></span> <span class='ocrx_word' id='word_1_221' title='bbox 446 2533 476 2585; x_wconf 76' lang='lat' dir='ltr'><strong>el:</strong></span> <span class='ocrx_word' id='word_1_222' title='bbox 494 2547 568 2585; x_wconf 80' lang='lat' dir='ltr'><strong>sicca</strong></span> <span class='ocrx_word' id='word_1_223' title='bbox 586 2529 638 2584; x_wconf 88' lang='lat' dir='ltr'><strong>sub</strong></span> <span class='ocrx_word' id='word_1_224' title='bbox 660 2529 761 2585; x_wconf 88' lang='lat' dir='ltr'><strong>umbra</strong></span> <span class='ocrx_word' id='word_1_225' title='bbox 783 2531 882 2600; x_wconf 74' lang='lat' dir='ltr'><strong>postea</strong></span> <span class='ocrx_word' id='word_1_226' title='bbox 905 2531 966 2585; x_wconf 83' lang='lat' dir='ltr'><strong>bare</strong></span> <span class='ocrx_word' id='word_1_227' title='bbox 990 2530 1019 2584; x_wconf 81' lang='lat' dir='ltr'><strong>ab</strong></span> <span class='ocrx_word' id='word_1_228' title='bbox 1040 2527 1089 2599; x_wconf 83' lang='lat' dir='ltr'><strong>ipa</strong></span> 
     </span>
     <span class='ocr_line' id='line_1_28' title="bbox 70 2599 1088 2674; baseline -0.006 -16"><span class='ocrx_word' id='word_1_229' title='bbox 70 2602 188 2674; x_wconf 86' lang='lat' dir='ltr'><strong>(ipopia)</strong></span> <span class='ocrx_word' id='word_1_230' title='bbox 206 2619 270 2658; x_wconf 89' lang='lat' dir='ltr'><strong>eum</strong></span> <span class='ocrx_word' id='word_1_231' title='bbox 287 2601 403 2672; x_wconf 88' lang='lat' dir='ltr'><strong>pulvere</strong></span> <span class='ocrx_word' id='word_1_232' title='bbox 422 2600 504 2670; x_wconf 87' lang='lat' dir='ltr'><strong>pal&#39;e.</strong></span> <span class='ocrx_word' id='word_1_233' title='bbox 546 2601 651 2656; x_wconf 78' lang='lat' dir='ltr'><strong>Icarum</strong></span> <span class='ocrx_word' id='word_1_234' title='bbox 669 2599 758 2672; x_wconf 71' lang='lat' dir='ltr'><strong>guttis</strong></span> <span class='ocrx_word' id='word_1_235' title='bbox 778 2617 859 2655; x_wconf 90' lang='lat' dir='ltr'><strong>cerne</strong></span> <span class='ocrx_word' id='word_1_236' title='bbox 877 2602 1005 2668; x_wconf 84' lang='lat' dir='ltr'><strong>bempera</strong></span> <span class='ocrx_word' id='word_1_237' title='bbox 1024 2615 1088 2653; x_wconf 87' lang='lat' dir='ltr'><strong>cum</strong></span> 
     </span>
     <span class='ocr_line' id='line_1_29' title="bbox 70 2671 1088 2746; baseline -0.004 -18"><span class='ocrx_word' id='word_1_238' title='bbox 70 2675 154 2730; x_wconf 88' lang='lat' dir='ltr'><strong>mella</strong></span> <span class='ocrx_word' id='word_1_239' title='bbox 183 2675 212 2728; x_wconf 84' lang='lat' dir='ltr'><strong>ei</strong></span> <span class='ocrx_word' id='word_1_240' title='bbox 239 2673 301 2728; x_wconf 89' lang='lat' dir='ltr'><strong>oleo</strong></span> <span class='ocrx_word' id='word_1_241' title='bbox 329 2675 359 2746; x_wconf 74' lang='lat' dir='ltr'><strong>ei</strong></span> <span class='ocrx_word' id='word_1_242' title='bbox 387 2687 551 2742; x_wconf 83' lang='lat' dir='ltr'><strong>superpone.</strong></span> <span class='ocrx_word' id='word_1_243' title='bbox 593 2672 638 2726; x_wconf 84' lang='lat' dir='ltr'><strong>Ad</strong></span> <span class='ocrx_word' id='word_1_244' title='bbox 666 2671 810 2727; x_wconf 87' lang='lat' dir='ltr'><strong>oculorum</strong></span> <span class='ocrx_word' id='word_1_245' title='bbox 838 2671 956 2726; x_wconf 86' lang='lat' dir='ltr'><strong>mae-ulis</strong></span> <span class='ocrx_word' id='word_1_246' title='bbox 981 2672 1088 2725; x_wconf 70' lang='lat' dir='ltr'><strong>stercus</strong></span> 
     </span>
     <span class='ocr_line' id='line_1_30' title="bbox 71 2741 1088 2801; baseline -0.005 0"><span class='ocrx_word' id='word_1_247' title='bbox 71 2745 148 2801; x_wconf 78' lang='lat' dir='ltr'><strong>corvi</strong></span> <span class='ocrx_word' id='word_1_248' title='bbox 171 2746 221 2800; x_wconf 84' lang='lat' dir='ltr'><strong>aui</strong></span> <span class='ocrx_word' id='word_1_249' title='bbox 247 2744 287 2799; x_wconf 81' lang='lat' dir='ltr'><strong>fel</strong></span> <span class='ocrx_word' id='word_1_250' title='bbox 313 2743 433 2798; x_wconf 81' lang='lat' dir='ltr'><strong>miscam</strong></span> <span class='ocrx_word' id='word_1_251' title='bbox 460 2760 524 2798; x_wconf 88' lang='lat' dir='ltr'><strong>oum</strong></span> <span class='ocrx_word' id='word_1_252' title='bbox 550 2743 635 2798; x_wconf 86' lang='lat' dir='ltr'><strong>melle</strong></span> <span class='ocrx_word' id='word_1_253' title='bbox 658 2745 688 2798; x_wconf 80' lang='lat' dir='ltr'><strong>el</strong></span> <span class='ocrx_word' id='word_1_254' title='bbox 710 2742 770 2798; x_wconf 84' lang='lat' dir='ltr'><strong>sina</strong></span> <span class='ocrx_word' id='word_1_255' title='bbox 791 2743 870 2797; x_wconf 84' lang='lat' dir='ltr'><strong>fumo</strong></span> <span class='ocrx_word' id='word_1_256' title='bbox 893 2743 923 2797; x_wconf 83' lang='lat' dir='ltr'><strong>eb</strong></span> <span class='ocrx_word' id='word_1_257' title='bbox 945 2741 976 2796; x_wconf 80' lang='lat' dir='ltr'><strong>in</strong></span> <span class='ocrx_word' id='word_1_258' title='bbox 1000 2741 1088 2796; x_wconf 84' lang='lat' dir='ltr'><strong>oculis</strong></span> 
     </span>
     <span class='ocr_line' id='line_1_31' title="bbox 70 2811 1090 2886; baseline -0.003 -15"><span class='ocrx_word' id='word_1_259' title='bbox 70 2816 278 2886; x_wconf 80' lang='lat' dir='ltr'><strong>suparpoailrum</strong></span> <span class='ocrx_word' id='word_1_260' title='bbox 296 2814 422 2869; x_wconf 83' lang='lat' dir='ltr'><strong>maculas</strong></span> <span class='ocrx_word' id='word_1_261' title='bbox 442 2813 525 2870; x_wconf 81' lang='lat' dir='ltr'><strong>citius</strong></span> <span class='ocrx_word' id='word_1_262' title='bbox 544 2818 633 2870; x_wconf 77' lang='lat' dir='ltr'><strong>sanai.</strong></span> <span class='ocrx_word' id='word_1_263' title='bbox 669 2815 714 2870; x_wconf 84' lang='lat' dir='ltr'><strong>Ad</strong></span> <span class='ocrx_word' id='word_1_264' title='bbox 733 2814 830 2870; x_wconf 87' lang='lat' dir='ltr'><strong>oculos</strong></span> <span class='ocrx_word' id='word_1_265' title='bbox 852 2812 901 2882; x_wconf 88' lang='lat' dir='ltr'><strong>qui</strong></span> <span class='ocrx_word' id='word_1_266' title='bbox 917 2829 974 2868; x_wconf 90' lang='lat' dir='ltr'><strong>non</strong></span> <span class='ocrx_word' id='word_1_267' title='bbox 992 2811 1090 2868; x_wconf 74' lang='lat' dir='ltr'><strong>vident</strong></span> 
     </span>
    </p>
   </div>
   <div class='ocr_carea' id='block_1_10' title="bbox 69 2886 1091 3594">
    <p class='ocr_par' dir='ltr' id='par_1_10' title="bbox 69 2886 1091 3594">
     <span class='ocr_line' id='line_1_32' title="bbox 69 2886 1088 2974; baseline -0.003 -16"><span class='ocrx_word' id='word_1_268' title='bbox 69 2904 163 2972; x_wconf 88' lang='lat' dir='ltr'><strong>pullos</strong></span> <span class='ocrx_word' id='word_1_269' title='bbox 181 2901 347 2974; x_wconf 79' lang='lat' dir='ltr'><strong>hyrundinis</strong></span> <span class='ocrx_word' id='word_1_270' title='bbox 366 2918 430 2957; x_wconf 90' lang='lat' dir='ltr'><strong>cum</strong></span> <span class='ocrx_word' id='word_1_271' title='bbox 444 2918 497 2956; x_wconf 88' lang='lat' dir='ltr'><strong>acu</strong></span> <span class='ocrx_word' id='word_1_272' title='bbox 510 2901 619 2972; x_wconf 88' lang='lat' dir='ltr'><strong>ciprina</strong></span> <span class='ocrx_word' id='word_1_273' title='bbox 636 2886 740 2972; x_wconf 71' lang='lat' dir='ltr'><strong>(capua)</strong></span> <span class='ocrx_word' id='word_1_274' title='bbox 754 2901 783 2958; x_wconf 90' lang='lat' dir='ltr'><strong>in</strong></span> <span class='ocrx_word' id='word_1_275' title='bbox 797 2902 895 2958; x_wconf 88' lang='lat' dir='ltr'><strong>nidum</strong></span> <span class='ocrx_word' id='word_1_276' title='bbox 909 2900 966 2956; x_wconf 81' lang='lat' dir='ltr'><strong>suis</strong></span> <span class='ocrx_word' id='word_1_277' title='bbox 979 2901 1088 2957; x_wconf 86' lang='lat' dir='ltr'><strong>cacabis</strong></span> 
     </span>
     <span class='ocr_line' id='line_1_33' title="bbox 71 2972 1089 3048; baseline 0 -20"><span class='ocrx_word' id='word_1_278' title='bbox 71 2975 250 3048; x_wconf 83' lang='lat' dir='ltr'><strong>signabisquc</strong></span> <span class='ocrx_word' id='word_1_279' title='bbox 275 2991 322 3030; x_wconf 85' lang='lat' dir='ltr'><strong>eos</strong></span> <span class='ocrx_word' id='word_1_280' title='bbox 345 2976 379 3028; x_wconf 79' lang='lat' dir='ltr'><strong>ub</strong></span> <span class='ocrx_word' id='word_1_281' title='bbox 402 2975 599 3044; x_wconf 75' lang='lat' dir='ltr'><strong>cognosceret</strong></span> <span class='ocrx_word' id='word_1_282' title='bbox 621 2979 687 3042; x_wconf 83' lang='lat' dir='ltr'><strong>post</strong></span> <span class='ocrx_word' id='word_1_283' title='bbox 713 2977 834 3045; x_wconf 69' lang='lat' dir='ltr'><strong>quatuor</strong></span> <span class='ocrx_word' id='word_1_284' title='bbox 851 2973 912 3029; x_wconf 84' lang='lat' dir='ltr'><strong>dies</strong></span> <span class='ocrx_word' id='word_1_285' title='bbox 930 2989 994 3028; x_wconf 88' lang='lat' dir='ltr'><strong>cum</strong></span> <span class='ocrx_word' id='word_1_286' title='bbox 1012 2972 1089 3028; x_wconf 87' lang='lat' dir='ltr'><strong>ride·</strong></span> 
     </span>
     <span class='ocr_line' id='line_1_34' title="bbox 70 3044 1089 3118; baseline -0.005 -16"><span class='ocrx_word' id='word_1_287' title='bbox 70 3046 127 3102; x_wconf 84' lang='lat' dir='ltr'><strong>rinc</strong></span> <span class='ocrx_word' id='word_1_288' title='bbox 142 3049 146 3116; x_wconf 81' lang='grc' dir='ltr'>Ι</span> <span class='ocrx_word' id='word_1_289' title='bbox 164 3048 195 3114; x_wconf 76' lang='lat' dir='ltr'><strong>(s.</strong></span> <span class='ocrx_word' id='word_1_290' title='bbox 211 3047 256 3116; x_wconf 80' lang='lat'><strong>71)</strong></span> <span class='ocrx_word' id='word_1_291' title='bbox 280 3044 407 3118; x_wconf 80' lang='lat' dir='ltr'><strong>procidas</strong></span> <span class='ocrx_word' id='word_1_292' title='bbox 427 3060 523 3099; x_wconf 89' lang='lat' dir='ltr'><strong>eornm</strong></span> <span class='ocrx_word' id='word_1_293' title='bbox 541 3044 635 3114; x_wconf 74' lang='lat' dir='ltr'><strong>capita</strong></span> <span class='ocrx_word' id='word_1_294' title='bbox 653 3061 717 3100; x_wconf 88' lang='lat' dir='ltr'><strong>cum</strong></span> <span class='ocrx_word' id='word_1_295' title='bbox 739 3045 786 3100; x_wconf 87' lang='lat' dir='ltr'><strong>fici</strong></span> <span class='ocrx_word' id='word_1_296' title='bbox 808 3045 923 3100; x_wconf 82' lang='lat' dir='ltr'><strong>cultello</strong></span> <span class='ocrx_word' id='word_1_297' title='bbox 946 3061 1030 3112; x_wconf 84' lang='lat' dir='ltr'><strong>quem</strong></span> <span class='ocrx_word' id='word_1_298' title='bbox 1047 3059 1089 3098; x_wconf 89' lang='lat' dir='ltr'><strong>ra·</strong></span> 
     </span>
     <span class='ocr_line' id='line_1_35' title="bbox 70 3114 1090 3188; baseline -0.004 -16"><span class='ocrx_word' id='word_1_299' title='bbox 70 3133 156 3186; x_wconf 84' lang='lat' dir='ltr'><strong>pones</strong></span> <span class='ocrx_word' id='word_1_300' title='bbox 180 3117 209 3172; x_wconf 91' lang='lat' dir='ltr'><strong>in</strong></span> <span class='ocrx_word' id='word_1_301' title='bbox 235 3117 290 3172; x_wconf 88' lang='lat' dir='ltr'><strong>ficu</strong></span> <span class='ocrx_word' id='word_1_302' title='bbox 314 3115 409 3188; x_wconf 78' lang='lat' dir='ltr'><strong>capita</strong></span> <span class='ocrx_word' id='word_1_303' title='bbox 432 3131 498 3170; x_wconf 88' lang='lat' dir='ltr'><strong>vero</strong></span> <span class='ocrx_word' id='word_1_304' title='bbox 520 3114 627 3170; x_wconf 80' lang='lat' dir='ltr'><strong>incedis</strong></span> <span class='ocrx_word' id='word_1_305' title='bbox 652 3118 681 3170; x_wconf 79' lang='lat' dir='ltr'><strong>et</strong></span> <span class='ocrx_word' id='word_1_306' title='bbox 702 3117 817 3188; x_wconf 84' lang='lat' dir='ltr'><strong>pulvere</strong></span> <span class='ocrx_word' id='word_1_307' title='bbox 840 3116 916 3171; x_wconf 81' lang='lat' dir='ltr'><strong>facio</strong></span> <span class='ocrx_word' id='word_1_308' title='bbox 945 3115 975 3170; x_wconf 90' lang='lat' dir='ltr'><strong>in</strong></span> <span class='ocrx_word' id='word_1_309' title='bbox 1002 3114 1090 3169; x_wconf 88' lang='lat' dir='ltr'><strong>oculis</strong></span> 
     </span>
     <span class='ocr_line' id='line_1_36' title="bbox 71 3185 1091 3259; baseline -0.005 -15"><span class='ocrx_word' id='word_1_310' title='bbox 71 3189 191 3244; x_wconf 70' lang='lat' dir='ltr'><strong>stillabis</strong></span> <span class='ocrx_word' id='word_1_311' title='bbox 215 3190 342 3259; x_wconf 76' lang='lat' dir='ltr'><strong>probinus</strong></span> <span class='ocrx_word' id='word_1_312' title='bbox 359 3185 451 3242; x_wconf 81' lang='lat' dir='ltr'><strong>visum</strong></span> <span class='ocrx_word' id='word_1_313' title='bbox 477 3185 610 3242; x_wconf 77' lang='lat' dir='ltr'><strong>resbiluil.</strong></span> <span class='ocrx_word' id='word_1_314' title='bbox 646 3185 717 3258; x_wconf 78' lang='lat' dir='ltr'><strong>(ch.</strong></span> <span class='ocrx_word' id='word_1_315' title='bbox 736 3205 795 3258; x_wconf 80' lang='lat' dir='ltr'><strong>cop.</strong></span> <span class='ocrx_word' id='word_1_316' title='bbox 815 3192 873 3256; x_wconf 84' lang='lat'><strong><em>30.)</em></strong></span> <span class='ocrx_word' id='word_1_317' title='bbox 981 3189 1052 3240; x_wconf 58' lang='lat' dir='ltr'><strong>aad</strong></span> <span class='ocrx_word' id='word_1_318' title='bbox 1067 3201 1091 3252; x_wconf 83' lang='lat' dir='ltr'><strong>c,</strong></span> 
     </span>
     <span class='ocr_line' id='line_1_37' title="bbox 73 3269 1089 3346; baseline -0.005 -15"><span class='ocrx_word' id='word_1_319' title='bbox 73 3272 151 3346; x_wconf 57' lang='lat' dir='ltr'><strong>defi.</strong></span> <span class='ocrx_word' id='word_1_320' title='bbox 171 3294 191 3332; x_wconf 75' lang='grc' dir='ltr'><strong>ε.</strong></span> <span class='ocrx_word' id='word_1_321' title='bbox 214 3294 277 3332; x_wconf 87' lang='lat' dir='ltr'><strong>cere</strong></span> <span class='ocrx_word' id='word_1_322' title='bbox 290 3292 345 3346; x_wconf 80' lang='lat' dir='ltr'><strong>pro</strong></span> <span class='ocrx_word' id='word_1_323' title='bbox 364 3269 396 3332; x_wconf 69' lang='lat' dir='ltr'><strong>d&#39;i</strong></span> <span class='ocrx_word' id='word_1_324' title='bbox 416 3300 450 3322; x_wconf 87' lang='lat'><strong>==</strong></span> <span class='ocrx_word' id='word_1_325' title='bbox 469 3275 555 3346; x_wconf 88' lang='lat' dir='ltr'><strong>croci)</strong></span> <span class='ocrx_word' id='word_1_326' title='bbox 573 3292 605 3344; x_wconf 77' lang='lat' dir='ltr'><strong>p.</strong></span> <span class='ocrx_word' id='word_1_327' title='bbox 678 3277 783 3334; x_wconf 74' lang='lat' dir='ltr'><strong>emita</strong></span> <span class='ocrx_word' id='word_1_328' title='bbox 809 3293 850 3346; x_wconf 81' lang='lat' dir='ltr'><strong>cp.</strong></span> <span class='ocrx_word' id='word_1_329' title='bbox 923 3275 967 3328; x_wconf 69' lang='lat' dir='ltr'><strong>ab.</strong></span> <span class='ocrx_word' id='word_1_330' title='bbox 986 3271 1089 3344; x_wconf 55' lang='lat'><strong>3142.</strong></span> 
     </span>
     <span class='ocr_line' id='line_1_38' title="bbox 73 3343 1089 3456; baseline -0.005 -35"><span class='ocrx_word' id='word_1_331' title='bbox 73 3367 131 3438; x_wconf 91' lang='lat' dir='ltr'><strong>opii</strong></span> <span class='ocrx_word' id='word_1_332' title='bbox 153 3357 178 3456; x_wconf 87' lang='lat'><strong>3.</strong></span> <span class='ocrx_word' id='word_1_333' title='bbox 197 3365 210 3420; x_wconf 96' lang='grc' dir='ltr'><strong>Ι</strong></span> <span class='ocrx_word' id='word_1_334' title='bbox 228 3367 333 3435; x_wconf 81' lang='lat' dir='ltr'><strong>(aic)p.</strong></span> <span class='ocrx_word' id='word_1_335' title='bbox 406 3363 504 3420; x_wconf 83' lang='lat' dir='ltr'><strong>cimini</strong></span> <span class='ocrx_word' id='word_1_336' title='bbox 513 3380 544 3434; x_wconf 78' lang='lat' dir='ltr'><strong>p,</strong></span> <span class='ocrx_word' id='word_1_337' title='bbox 563 3363 631 3419; x_wconf 68' lang='lat' dir='ltr'><strong>crin</strong></span> <span class='ocrx_word' id='word_1_338' title='bbox 644 3381 667 3420; x_wconf 89' lang='lat' dir='ltr'><strong>c.</strong></span> <span class='ocrx_word' id='word_1_339' title='bbox 741 3371 880 3433; x_wconf 77' lang='lat' dir='ltr'><strong>requae.</strong></span> <span class='ocrx_word' id='word_1_340' title='bbox 952 3343 1032 3421; x_wconf 62' lang='lat' dir='ltr'><strong>suffi’c</strong></span> <span class='ocrx_word' id='word_1_341' title='bbox 1048 3378 1089 3431; x_wconf 78' lang='lat' dir='ltr'><strong>cp.</strong></span> 
     </span>
     <span class='ocr_line' id='line_1_39' title="bbox 75 3451 1089 3523; baseline -0.005 -12"><span class='ocrx_word' id='word_1_342' title='bbox 75 3461 142 3511; x_wconf 74' lang='lat' dir='ltr'><strong>dex</strong></span> <span class='ocrx_word' id='word_1_343' title='bbox 161 3454 277 3510; x_wconf 80' lang='lat' dir='ltr'><strong>naribus</strong></span> <span class='ocrx_word' id='word_1_344' title='bbox 299 3469 327 3508; x_wconf 84' lang='lat' dir='ltr'><strong>c:</strong></span> <span class='ocrx_word' id='word_1_345' title='bbox 350 3467 394 3508; x_wconf 86' lang='lat' dir='ltr'><strong>om</strong></span> <span class='ocrx_word' id='word_1_346' title='bbox 412 3470 435 3523; x_wconf 77' lang='lat' dir='ltr'><strong>p</strong></span> <span class='ocrx_word' id='word_1_347' title='bbox 462 3452 517 3522; x_wconf 85' lang='lat' dir='ltr'><strong>(Ad</strong></span> <span class='ocrx_word' id='word_1_348' title='bbox 538 3452 649 3507; x_wconf 85' lang='lat' dir='ltr'><strong>narium</strong></span> <span class='ocrx_word' id='word_1_349' title='bbox 671 3452 816 3523; x_wconf 70' lang='lat' dir='ltr'><strong>sanguinis</strong></span> <span class='ocrx_word' id='word_1_350' title='bbox 838 3451 944 3506; x_wconf 83' lang='lat' dir='ltr'><strong>lluxnm</strong></span> <span class='ocrx_word' id='word_1_351' title='bbox 967 3451 1025 3506; x_wconf 75' lang='lat' dir='ltr'><strong>ind.</strong></span> <span class='ocrx_word' id='word_1_352' title='bbox 1047 3455 1089 3518; x_wconf 82' lang='lat' dir='ltr'><strong>p).</strong></span> 
     </span>
     <span class='ocr_line' id='line_1_40' title="bbox 76 3522 737 3594; baseline 0.003 -14"><span class='ocrx_word' id='word_1_353' title='bbox 76 3533 91 3580; x_wconf 84' lang='lat'><strong>9</strong></span> <span class='ocrx_word' id='word_1_354' title='bbox 109 3525 294 3582; x_wconf 75' lang='lat' dir='ltr'><strong>dirbillabione</strong></span> <span class='ocrx_word' id='word_1_355' title='bbox 313 3541 328 3580; x_wconf 87' lang='lat' dir='ltr'><strong>a</strong></span> <span class='ocrx_word' id='word_1_356' title='bbox 344 3525 455 3594; x_wconf 77' lang='lat' dir='ltr'><strong>(Pebr.)=</strong></span> <span class='ocrx_word' id='word_1_357' title='bbox 474 3522 693 3579; x_wconf 74' lang='lat' dir='ltr'><strong>declinationem</strong></span> <span class='ocrx_word' id='word_1_358' title='bbox 707 3540 737 3592; x_wconf 82' lang='lat' dir='ltr'><strong>p.</strong></span> 
     </span>
    </p>
   </div>
   <div class='ocr_carea' id='block_1_11' title="bbox 0 0 1261 4020">
    <p class='ocr_par' dir='ltr' id='par_1_11' title="bbox 0 0 1261 4020">
     <span class='ocr_line' id='line_1_41' title="bbox 0 0 1261 4020; baseline 0 0"><span class='ocrx_word' id='word_1_359' title='bbox 0 0 1261 4020; x_wconf 95' lang='lat' dir='ltr'><strong> </strong></span> 
     </span>
    </p>
   </div>
  </div>
 </body>
</html>
