2510 4020
564 265 762 329 „2-

246 461 266 521 I.
308 461 356 523 Ad
388 462 529 523 tardum
562 464 635 524 sive
672 464 915 524 inveteratum
947 467 1080 545 capitis
1113 465 1174 526 do·

156 549 268 611 iorem
297 569 399 630 quem
427 550 555 612 Graeci
582 551 808 630 cephalaeam
835 552 1032 633 appellant,
1064 561 1100 614 et
1132 554 1174 614 ad

157 641 236 699 eius
250 639 457 700 medietatis
473 658 575 718 quem
590 641 811 703 emicranion
826 649 967 724 vocant,
986 650 1021 702 et
1039 642 1080 703 ad
1094 661 1174 703 ver-

156 729 338 808 tiginosos
367 746 456 806 quos
483 727 696 807 iliugiontas
719 728 916 811 appellant,
945 737 979 792 et
1002 731 1042 791 ad
1073 740 1174 792 tene·

129 816 282 878 obrosos
306 835 395 894 qnos
419 819 677 879 scotomaticos
700 818 835 881 dicunt.

244 940 388 1000 Universa
415 940 489 1001 baec
511 943 543 1000 in
567 943 662 1020 capite
686 941 865 1002 cfficiuntur.
903 949 932 1002 et
952 949 998 1003 est
1016 942 1176 1022 cephalaea

156 1048 193 1090 ex
212 1031 293 1090 omni
310 1038 394 1108 parte
419 1031 524 1109 eapitis
547 1030 711 1090 inveterata
733 1032 845 1112 passio,
868 1048 942 1109 quas
961 1030 1067 1091 Graeci
1086 1030 1174 1091 chro-

156 1120 220 1179 nias
252 1117 394 1178 diathesis
426 1124 545 1197 vocant,
576 1116 622 1178 vel
655 1120 747 1204 totius
776 1118 963 1180 membranae
997 1137 1072 1198 quae
1104 1137 1176 1180 ossa

155 1207 259 1286 capitis
283 1203 412 1285 desuper
435 1207 638 1267 circumvestit
666 1209 854 1286 superposita
877 1207 994 1269 ossibus
1018 1207 1175 1287 subposita

115 1316 141 1355 ro
155 1298 231 1377 cuti,
268 1303 298 1355 et
335 1292 499 1374 appellatur
536 1313 552 1354 a
593 1293 714 1355 Graecis
754 1297 951 1379 perierauios,
992 1303 1043 1358 aut
1077 1297 1178 1376 ipsius

155 1383 343 1445 membranae
366 1385 473 1465 partis,
501 1401 589 1462 quam
617 1391 760 1444 consuete
789 1386 971 1446 emicranion
995 1383 1105 1445 dicunt.
1147 1387 1176 1446 si

154 1491 225 1532 vero
249 1490 318 1534 oum
342 1490 491 1532 consensu
515 1469 649 1533 radicum
672 1472 828 1533 oculorum
855 1471 1014 1535 bulborum
1037 1475 1175 1553 ipsorum

155 1561 246 1621 fuerit
268 1558 365 1642 dolor,
388 1561 569 1621 manifestim
590 1563 623 1640 in
646 1559 771 1622 cerebro
794 1561 860 1623 fieri
882 1562 1059 1623 ostenditur.

244 1650 390 1728 contingit
421 1649 609 1728 frequentius
643 1667 680 1709 ex
712 1650 906 1730 perfrictione
938 1659 989 1711 aut
1022 1653 1176 1712 contrario

114 1757 140 1798 rs
155 1737 310 1800 adustione
334 1745 385 1798 aut
408 1737 568 1798 vinolentia
591 1746 643 1799 aut
663 1755 810 1817 percussu
833 1748 885 1800 aut
908 1741 1083 1800 ventositate
1103 1757 1175 1800 eau-

154 1829 229 1888 satio
267 1827 457 1888 nervositatis
489 1825 678 1888 membranae
714 1829 904 1907 perieraniou
941 1846 1031 1908 supra
1067 1828 1176 1890 dictae.

154 1914 230 1976 solet
253 1918 342 1977 etiarn
366 1923 396 1975 et
423 1917 575 1976 austrinus
599 1933 651 1976 aer
673 1918 798 1977 iniurias
821 1919 926 1997 capitis
949 1919 1079 1997 nutrire,
1103 1935 1177 1978 cum

227 2109 240 2158 1
265 2104 310 2157 Ad
333 2121 383 2160 one.
402 2120 439 2172 p,
461 2104 510 2173 qni
532 2105 716 2159 nominativos
735 2106 831 2174 poenit
854 2105 907 2161 sier
949 2104 1057 2160 'I'srdus
1077 2148 1083 2160 .
1104 2149 1110 2161 .
1130 2105 1176 2160 in-

153 2175 295 2230 veteretur
310 2218 315 2231 .
332 2215 338 2228 .
353 2174 454 2230 dolor.
471 2215 476 2228 .
492 2217 498 2228 .
514 2176 544 2228 et
563 2175 622 2230 eius
639 2193 675 2230 m.
695 2191 760 2244 pers
780 2179 853 2247 (pas)
868 2219 874 2230 .
890 2217 897 2231 .
916 2180 946 2231 et
963 2175 1175 2246 vertiginosi..

153 2247 183 2300 et
211 2245 361 2302 tenebrosi.
406 2246 439 2300 in
460 2247 575 2301 rubrica
602 2245 646 2299 Ad
670 2246 835 2316 cephaleam
853 2263 904 2315 pc,
926 2246 968 2302 De
993 2247 1128 2318 cephalea
1144 2265 1175 2317 9.

153 2315 341 2371 amedietstis
354 2317 466 2387 purtem
480 2318 556 2386 (pars
564 2319 598 2386 p)
616 2332 702 2386 quam
712 2333 764 2388 epe
777 2319 837 2387 (nbi
845 2317 1006 2374 medietatis
1016 2343 1050 2364 =
1060 2317 1177 2374 medice

152 2387 254 2457 partis,
272 2389 346 2443 erede
363 2388 437 2456 qnod
454 2388 534 2442 ornisi
551 2390 681 2457 partem).
754 2388 923 2444 emictenion
942 2406 969 2455 c,
996 2389 1178 2461 emigrenion

152 2474 197 2528 pp.
247 2460 282 2526 es.
302 2459 375 2516 Ooel.
394 2457 466 2513 Anr.
480 2476 511 2528 p.
529 2463 587 2515 269
607 2459 652 2528 (de
672 2458 832 2530 emigraneo
851 2460 947 2515 dolore
965 2460 1045 2516 Alere.
1063 2462 1096 2531 I,
1115 2464 1177 2530 45).

152 2529 341 2586 titionuntss
354 2547 385 2600 9,
405 2528 458 2603 <ili
474 2531 538 2586 cdd.
558 2530 595 2585 al.
609 2529 665 2603 m.)
681 2532 686 2600 1
702 2531 815 2600 giuntm
830 2548 860 2600 p,
879 2530 1026 2601 illigantes
1045 2547 1066 2587 c.
1155 2539 1177 2588 5

152 2601 282 2656 dixerunt
296 2619 318 2659 c.
391 2601 559 2672 ecephslea
572 2603 615 2670 (nt
627 2605 725 2671 aspra)
741 2619 801 2672 ppo.
875 2609 991 2671 tqussr
1013 2619 1097 2671 quam
1110 2619 1177 2673 ppo.

153 2672 262 2727 cronius
280 2673 403 2728 diethesi
416 2689 447 2742 p.
538 2671 662 2728 Stetius
680 2689 731 2728 om.
748 2690 777 2741 p.
868 2673 1096 2729 tcircnmvestit
1113 2691 1128 2728 e
1146 2682 1179 2730 et

152 2741 267 2809 (circum
280 2745 353 2798 inter
367 2744 416 2798 tin.
426 2744 502 2811 add.)
515 2750 547 2814 90
560 2743 664 2812 (Simbz
680 2743 768 2798 vestit
780 2759 825 2825 pp.
898 2745 1073 2815 superposite
1086 2746 1179 2800 vesti-

151 2813 211 2868 bus.
231 2812 339 2868 ossibus
349 2814 427 2884 subp.
438 2813 497 2869 cuti
505 2815 569 2882 (sic)
579 2830 600 2870 c.
661 2815 1071 2898 superposite(iternrn)cutip.
1136 2822 1177 2870 10

153 2884 326 2954 appellatur:
346 2883 448 2940 dicitur
466 2901 488 2940 c.
560 2884 739 2955 perigrumon
752 2891 785 2955 ρι’
803 2886 991 2956 (perieranion
998 2904 1030 2956 p,
1062 2881 1177 2956 irreps-

152 2953 268 3025 npcireoe
281 2949 357 3026 ὑμήν
374 2955 449 3025 eae.)
523 2962 555 3010 11
566 2956 654 3026 pertis
661 2973 696 3025 pa
714 2971 779 3026 pars
792 2973 833 3028 pe.
905 2974 991 3026 quem
1005 2961 1051 3026 (se.
1065 2957 1177 3027 passio·

151 3027 226 3095 nem)
240 3043 289 3097 pp:
305 3027 417 3095 quode.
482 3029 626 3082 consuete:
641 3029 775 3083 consueto
789 3027 901 3083 nomine
917 3027 945 3084 0.
955 3029 992 3083 A.
1005 3045 1034 3098 p.
1048 3034 1106 3086 269
1122 3031 1175 3098 (cf.

151 3099 185 3153 de
198 3099 305 3154 bernier.
321 3097 384 3153 Gai.
394 3103 443 3165 12,
457 3103 532 3165 593).
604 3098 780 3169 emigranion
793 3115 839 3169 pp,
854 3098 1026 3155 emierenion
1039 3116 1060 3154 c.
1136 3107 1176 3154 12

153 3185 217 3223 cum
231 3187 313 3224 sensu
327 3185 349 3224 c.
420 3171 471 3224 eut
484 3171 522 3240 (a)
537 3169 686 3224 bulborum
695 3187 726 3239 p.
794 3171 900 3225 adrem
914 3171 949 3237 cs.
964 3170 1027 3226 Gal.
1042 3176 1090 3237 12,
1104 3175 1176 3227 563.

153 3246 186 3295 13
210 3239 385 3295 manifestius
403 3257 439 3310 p,
463 3242 544 3295 —tus
563 3257 585 3296 c.
684 3248 718 3296 14
741 3239 888 3312 Contingit
910 3243 1005 3298 eutem
1027 3242 1066 3310 (a)
1088 3241 1123 3296 fr.
1137 3259 1175 3310 p.

151 3311 331 3382 perfrictione
345 3313 418 3380 (nnn
431 3313 588 3367 correctoris
597 3318 628 3382 9⁰
637 3314 673 3384 pt.
682 3313 774 3369 interi.
787 3311 901 3383 frigore)
911 3329 956 3382 pe:
970 3311 1175 3383 perfricatione

149 3384 231 3450 (citio
248 3383 326 3452 epod
342 3383 503 3438 recentiores
519 3384 642 3452 solentne)
656 3400 687 3454 p.
768 3384 920 3439 contraris
937 3401 960 3440 c.
1054 3389 1087 3438 15
1105 3401 1172 3454 per·

149 3471 234 3510 cassu
250 3461 304 3525 pc!
315 3470 481 3523 percussure
494 3472 526 3525 p.
598 3454 775 3510 ventositatis
794 3455 964 3511 sensatione.
988 3454 1172 3512 nervositatis

150 3543 209 3597 ppo.
283 3531 316 3581 16
334 3524 514 3596 perigrenion
531 3542 550 3596 p
568 3524 729 3595 (—erenion
743 3543 774 3596 p,
797 3526 947 3582 -ctanion
965 3529 997 3595 c).
