2476 4012
564 217 807 284 —188-

1214 277 1215 316 l

267 369 300 428 in
327 364 531 428 curationibus
559 382 629 425 vero
657 380 811 443 opopanar
839 372 891 426 aut
914 364 1012 445 capilli
1034 365 1174 430 mulierum

178 459 277 520 crusti
304 463 355 517 aut
383 473 502 536 caprae,
519 461 581 521 ,aut
606 455 657 533 pix
687 451 843 514 combusta
868 453 993 516 naribus
1021 455 1175 536 applicetur.

178 545 316 608 desinent
344 545 580 625 praesumtiones
612 542 753 603 matricis.
798 542 926 604 inferius
958 561 1029 605 vero
1060 547 1092 605 in
1118 548 1176 626 ipsis
1215 561 1216 630 p

178 633 358 716 genitalibus
381 632 454 694 locis
477 637 529 693 aut
548 628 770 711 opobalsamum
793 641 845 692 aut
867 632 995 694 nardum
1018 640 1070 696 aut
1092 634 1177 696 folium
1215 653 1216 696 l

151 734 324 804 ⁵apponcs,
346 724 436 783 etiam
455 729 486 782 et
503 722 615 799 optimo
638 727 754 800 styrace
773 721 885 782 sullies.
924 724 967 783 sic
988 725 1070 784 enim
1088 726 1177 785 matrix

178 813 290 893 poterit
313 810 414 872 fetidis
437 809 580 871 odoribus
602 827 618 868 a
642 807 848 888 superioribus
871 810 908 870 ad
933 811 1077 872 inferiora
1100 813 1179 893 fugari
1215 813 1216 846 ;

179 909 210 962 et
232 900 297 961 loeo
325 900 447 980 proprio
471 899 618 978 rovocari,
646 915 716 959 cum
738 897 912 960 melioribus
940 908 971 962 et
998 901 1132 962 iucundis
1151 901 1179 961 ad

178 989 337 1050 inferiores
367 994 468 1069 partes
499 987 590 1048 fucrit
619 988 741 1048 invitata
772 995 802 1048 et
830 996 998 1067 provocata.
1045 992 1130 1052 edam
1156 997 1180 1050 et

180 1077 352 1140 cucurbitas
379 1077 463 1138 cuias
486 1071 537 1156 <id
565 1082 611 1136 est
639 1071 717 1156 levi>
741 1093 809 1136 cum
833 1079 1018 1157 appositione
1043 1097 1060 1140 a
1082 1080 1180 1160 superi·

140 1179 166 1220 1⁰
180 1165 284 1228 oribus
306 1165 441 1247 partibus
464 1182 560 1246 usque
583 1164 620 1225 ad
643 1166 765 1244 inguina
787 1163 894 1227 blando
917 1165 1058 1230 deduces.
1216 1163 1217 1252 l

270 1255 357 1317 aliud.
395 1256 506 1317 cumini
525 1253 679 1315 torrefacti
698 1251 877 1317 coclearium
900 1254 913 1315 l
936 1254 1095 1336 diligenter
1115 1266 1181 1318 teres
1216 1263 1217 1280 ¹

180 1351 211 1406 et
234 1363 302 1407 cum
326 1346 394 1405 uino
418 1347 543 1405 mixtum
566 1344 675 1404 iciunis
699 1341 791 1404 dabis.

269 1433 357 1496 aliud.
394 1431 566 1514 vulpeculae
587 1430 677 1512 adeps
697 1437 748 1492 aut
766 1449 872 1512 caprae
892 1450 961 1493 cum
980 1433 1096 1496 modico
1117 1433 1181 1495 bitu-

181 1526 260 1586 mine
284 1525 373 1585 tritus
396 1529 428 1583 et
450 1525 481 1584 in
503 1538 592 1602 passo
616 1521 770 1600 appositus
792 1520 1045 1601 praefocationem
1066 1525 1182 1585 matricis

141 1624 167 1665 1⁵
181 1614 245 1673 miti
266 1619 303 1673 at.

246 1631 418 1761 gtrociscus
445 1700 654 1779 ypocapnistoe
681 1697 781 1760 idest
809 1699 1064 1780 suffumigatorius
1086 1699 1183 1761 faciens

181 1790 217 1851 ad
249 1797 402 1851 menstrua
434 1787 607 1850 deducenda
639 1795 670 1848 et
702 1787 738 1848 ad
771 1790 904 1850 matricis
931 1788 1108 1852 adscensum
1132 1791 1183 1849 sive

181 1896 345 1959 supernum
365 1896 531 1960 recursum,
550 1895 639 1957 quem
659 1876 765 1938 Graeci
783 1877 962 1940 anadromcn
982 1878 1094 1962 dicunt,
1111 1886 1138 1938 et
1154 1876 1184 1937 ad

180 1969 430 2049 praefocationem
459 1967 590 2027 matricis
619 1967 731 2046 optimc
758 1966 879 2029 faciens.
921 1969 1029 2048 recipit
1056 1967 1183 2029 dictamni
1218 2006 1219 2012 .

142 2069 168 2108 20
183 2059 300 2138 cretici,
324 2056 505 2138 artemisiae,
528 2055 684 2136 paeoniae,
711 2053 817 2136 lapidis
841 2059 969 2139 gagatis,
991 2055 1184 2118 aristolochiae

254 2338 325 2392 1es1
348 2347 431 2402 capre
455 2339 473 2386 i.
494 2331 549 2402 pre'
573 2333 713 2388 combusti
736 2349 763 2401 c,
786 2339 805 2388 1
831 2338 884 2404 cap
909 2333 996 2404 opicis
1018 2335 1155 2391 combuste
1166 2349 1184 2402 p

180 2405 228 2473 (cf.
248 2404 312 2462 Gal.
332 2404 440 2473 ΧΙΠ,
459 2408 525 2460 320.
557 2405 619 2459 Aa.
637 2409 689 2471 12,
709 2409 746 2459 ee
769 2420 799 2474 p.
819 2410 883 2461 eor.
918 2406 969 2460 uu.
986 2405 1182 2491 11119111.

138 2517 140 2520 -
181 2481 277 2532 contro
295 2477 421 2545 disputat
439 2475 564 2530 Soranus
577 2492 609 2546 p.
628 2478 708 2543 256).
817 2477 967 2532 inanibus
985 2492 1013 2532 c:
1039 2476 1148 2533 sumbus
1159 2492 1183 2546 p.

181 2548 325 2618 applicato
344 2563 371 2613 c,
389 2546 513 2616 replicata
527 2563 557 2618 p.
649 2553 665 2601 3
683 2545 817 2602 desinunt
831 2563 866 2617 p,
888 2548 999 2602 dearun'r
1018 2565 1041 2606 c.
1128 2561 1184 2602 vero

181 2635 231 2674 om.
251 2634 274 2675 c.
382 2617 468 2673 4111
486 2635 512 2674 e:
531 2617 656 2673 matricis
670 2634 701 2688 p.
805 2621 947 2675 ostorace
960 2634 996 2689 ρ,
1018 2619 1152 2676 soirucum
1167 2633 1183 2672 c.

182 2690 300 2760 suffisp‚
314 2687 384 2744 fusis
398 2705 420 2744 e.
494 2707 516 2744 a.
530 2706 554 2744 e.
568 2691 628 2759 pot.
643 2688 745 2744 matrix
759 2705 790 2758 p.
865 2689 1008 2760 iproprio
1023 2707 1050 2746 c:
1064 2691 1150 2761 primo
1159 2705 1185 2758 p.

180 2760 308 2816 iucundis
327 2777 368 2830 ep.
455 2762 586 2830 8partes
604 2776 655 2816 one.
674 2774 697 2815 c.
783 2763 888 2816 intrata
901 2778 938 2831 p,
959 2763 1052 2816 iniecta
1073 2778 1096 2818 e.
1172 2764 1185 2812 1

182 2831 340 2887 cucurbitas
364 2830 452 2898 (oufes
471 2833 535 2886 add.
555 2834 579 2900 c)
604 2848 667 2886 cum
686 2830 861 2901 appositione
885 2848 927 2901 cp.
1038 2837 1073 2888 10
1093 2829 1186 2887 blanda

181 2900 260 2956 ducis
279 2919 313 2971 p,
337 2901 400 2956 albe
424 2901 526 2956 blande
549 2902 656 2957 delusis
680 2917 701 2958 c.
782 2901 1090 2960 nunnamenster.
1160 2905 1186 2954 m

182 2977 217 3028 cir
231 2989 257 3028 e:
276 2988 328 3028 om.
337 2989 369 3040 p.
451 2971 540 3028 mixto
554 2988 594 3042 cp.
677 2973 784 3028 ieiunos
803 2972 884 3028 dabis
910 2990 937 3042 c,
963 2972 1092 3029 ieiunans
1116 2975 1187 3044 pota

181 3061 225 3117 bie
238 3079 269 3133 p.
344 3066 377 3116 13
397 3060 549 3130 adipem..
565 3103 571 3116 .
586 3061 685 3116 tritum
704 3077 745 3131 cp.
824 3067 876 3133 cap
895 3078 922 3131 c,
942 3055 1010 3146 cefie
1031 3065 1150 3135 (caprae)
1162 3076 1188 3130 p.

183 3139 217 3187 14
236 3136 266 3189 et
284 3132 410 3202 inpresso
429 3131 591 3202 appositum
605 3149 632 3199 e,
652 3134 681 3187 et
697 3131 822 3201 inpresso
841 3137 871 3190 et
889 3137 1022 3204 apponte.
1035 3151 1066 3204 p.
1137 3147 1188 3188 ma-

181 3204 260 3262 tricis
275 3221 310 3274 p:
330 3206 381 3259 aut
398 3219 413 3258 c
432 3207 496 3272 (pro
514 3203 639 3258 maian
658 3204 814 3273 compendio
832 3210 861 3258 m
875 3205 952 3272 lecto,
969 3210 1001 3262 at
1019 3204 1189 3276 euepeiofro,

181 3281 226 3342 air,
246 3281 315 3332 u=
328 3277 433 3342 aulem
452 3276 510 3342 aut,
527 3275 579 3344 ut).
654 3280 687 3330 16
699 3274 924 3344 ypocapmietros
937 3292 959 3345 c,
977 3275 1152 3348 opooauistee
1164 3290 1189 3342 p.

181 3345 390 3402 suffumatorius
414 3361 455 3414 cp.
529 3350 561 3400 17
581 3343 718 3400 adscensio
736 3361 764 3413 c,
782 3345 944 3418 11111111).
1029 3354 1062 3403 18
1081 3364 1117 3402 an

181 3417 472 3485 ηοω-1107111).
547 3419 579 3469 19
598 3413 669 3471 facit
686 3431 708 3472 c.
780 3417 866 3490 Idcp.
955 3417 1073 3476 dictami
1092 3435 1118 3487 c,
1136 3415 1188 3484 dip-

181 3487 251 3542 tumi
265 3504 296 3557 Ρ.
369 3492 405 3542 20
423 3485 553 3557 agagetis
566 3502 597 3555 p.
