2476 4012
466 239 704 305 -185-

71 385 171 448 moles
194 385 323 447 manuali
345 383 436 466 mola,
464 392 494 446 et
522 386 565 445 sic
590 386 621 445 in
645 402 705 446 unc
729 384 943 447 commiscehis
980 403 1092 466 coques

71 478 107 537 in
131 477 201 536 rino
225 481 256 536 et
278 491 370 554 aquae
394 473 510 534 modico
534 472 663 555 etuias,
686 480 716 535 et
739 474 857 536 sacculo
880 474 1004 538 inclusis
1026 475 1092 536 loca

73 582 154 644 quae
182 564 337 643 patiuntur
365 561 535 644 raporahis,
563 570 593 624 et
620 561 725 624 subter
756 581 928 642 perungues
951 563 1017 626 oleo
1047 567 1091 626 iu·

71 653 171 714 serius
195 654 321 734 scripio,
348 657 379 712 et
408 657 477 731 post
499 653 720 732 vaporationem
743 651 904 714 adhibitam
927 651 991 714 loca
1014 659 1091 714 tuta·

71 741 122 803 his
143 749 175 803 ei
197 739 342 803 lasciahis.
380 740 459 820 quod
483 749 582 802 autem
601 740 700 802 oleum
718 741 875 804 coniicitur
896 743 948 803 sic.
985 741 1119 822 recipito

71 832 247 893 cucumeris
278 831 403 910 agrestis
430 829 539 890 radicis
565 831 668 892 viridis
696 846 732 894 ÷
758 830 809 913 Vl,
836 832 972 892 alronitri
997 843 1033 893 ÷
1056 829 1092 910 ll,

72 921 216 982 aluminis
238 919 325 999 lipari
347 931 383 981 ÷
406 917 433 999 1,
455 918 513 980 olei
540 918 631 981 libras
653 919 680 981 11
699 920 729 982 S.
770 919 901 982 radicem
924 921 1091 980 minutatim

69 1007 192 1071 incides
221 1015 253 1068 et
275 1008 363 1069 simul
390 1025 459 1068 cum
487 1007 551 1068 aliis
579 1008 737 1088 speciebus
764 1027 876 1089 coques
906 1010 937 1070 in
966 1007 1031 1070 oleo
1062 1015 1093 1068 ei

71 1105 160 1160 aceto
185 1097 280 1158 donec
303 1096 402 1158 oleum
425 1104 591 1179 remaneat,
615 1105 646 1159 et
668 1101 772 1160 uteris.

167 1187 250 1266 potio
269 1185 305 1246 ad
328 1185 484 1266 hydropes.
522 1185 662 1248 absinthii
680 1187 782 1248 viridis
806 1190 940 1250 turinnes
961 1187 1092 1248 minores
1107 1201 1133 1241 10

71 1293 205 1338 numero
233 1292 285 1335 sex
313 1283 344 1336 et
370 1274 474 1336 horem
498 1277 600 1355 spinae
624 1275 706 1337 albae
734 1276 891 1356 diligenter
918 1284 999 1338 teres
1024 1294 1093 1336 cum

70 1365 191 1446 piperis
214 1365 314 1442 granis
336 1361 406 1445 llll,
429 1370 460 1424 et
482 1364 588 1425 diurna
611 1365 731 1444 potione
754 1366 816 1426 rini
837 1367 948 1426 veteris

71 1452 161 1516 dahis
191 1451 291 1513 triduo
320 1459 371 1513 aui
398 1470 453 1532 per
482 1451 545 1514 dies
572 1450 604 1512 V.
632 1461 663 1514 ei
690 1471 745 1533 per
777 1452 910 1532 singulos
941 1453 1005 1515 dies
1036 1453 1093 1516 hoc

71 1544 177 1604 iacies.

167 1629 344 1710 cataplasma
370 1629 541 1711 hydropicis
569 1632 758 1694 conveniens.
778 1687 780 1692 .
799 1633 888 1693 etiam
915 1637 946 1692 et
977 1631 1135 1712 splenem

71 1722 145 1782 ticis
175 1720 286 1799 optime
317 1719 396 1780 iacit.
448 1720 556 1800 recipit
585 1721 721 1801 capparis
756 1720 871 1781 radices
904 1722 1012 1803 siccas,
1045 1719 1094 1782 ah·

71 1808 181 1872 sinthii
213 1825 341 1890 cymam,
372 1810 538 1890 cuminum,
574 1808 663 1869 haras
695 1807 785 1889 lauri,
822 1809 901 1870 faeni
932 1811 1032 1890 graeci
1064 1818 1095 1871 et

71 1897 184 1960 hordei
214 1896 364 1977 pollinem.
407 1899 505 1959 omnia
535 1897 644 1960 tundes
674 1904 705 1958 et
736 1915 848 1977 coques
880 1899 911 1958 in
944 1897 1031 1958 melle
1064 1904 1095 1959 et

72 1995 175 2068 aceto,
206 1993 237 2047 et
265 2003 397 2066 appones
427 1984 462 2047 ad
491 2004 644 2067 vesperam
672 1992 703 2047 et
736 1988 816 2048 sines
843 1993 936 2046 totam
966 1994 1094 2069 noctem,

71 2094 164 2138 mane
188 2092 259 2134 vero
281 2074 419 2138 mutehis.
457 2075 513 2136 hoe
537 2076 711 2156 irequenter
734 2075 833 2137 iacies.
1108 2092 1136 2131 20

167 2163 308 2244 epithima
321 2163 491 2244 hydropicis
506 2167 695 2226 conveniens.
719 2164 861 2245 epithima
876 2164 979 2227 dicunt
988 2163 1095 2226 Graeci

71 2252 328 2316 medicamentum
365 2252 444 2333 quod
476 2254 628 2315 stomacho
661 2259 691 2314 et
726 2253 910 2336 praecordiis
942 2254 1032 2316 simul
1063 2261 1094 2316 et

71 2342 176 2404 ventri
199 2349 433 2424 superponatur,
456 2360 525 2404 cum
547 2343 639 2404 fuerit
660 2359 759 2422 panno
781 2345 947 2406 inunctum.
987 2345 1095 2423 recipit

152 2551 216 2603 lat
234 2547 323 2604 sicin
340 2565 396 2604 nno
409 2565 445 2618 p,
469 2551 499 2604 ei
521 2547 544 2602 si
566 2564 623 2603 nno
646 2563 669 2603 c.
759 2549 921 2606 commisces
946 2565 988 2620 cp.
1078 2555 1094 2603 2

70 2655 176 2713 inlusis
195 2671 222 2724 c,
241 2626 347 2723 elencho
360 2671 391 2725 p.
465 2654 530 2709 tei
543 2670 592 2710 oen.
602 2671 633 2725 p.
706 2655 856 2711 4tuhnhis
874 2672 904 2726 p.
978 2657 1059 2710 cauit
1072 2671 1096 2724 c,

72 2727 187 2808 Mani)
201 2741 232 2795 p.
304 2727 336 2816 12,
350 2741 376 2780 cz
395 2741 445 2781 om.
460 2742 491 2796 p.
578 2723 713 2817 priridir
732 2741 783 2782 om.
796 2743 828 2797 p.
920 2724 1053 2820 '’liiparis
1072 2743 1094 2794 o,

71 2812 223 2926 {ilcila
242 2795 647 2937 reddeundi·
660 2812 769 2951 itit:
855 2797 1095 2952 &hiemi

72 2942 100 2995 d.
125 2938 163 2994 ad
182 2938 276 2994 oleum
296 2955 317 2994 c.
392 2943 425 2994 10
443 2939 481 2994 sd
498 2955 548 2995 orn.
565 2955 587 2994 c.
624 2957 626 2964 ¹
659 2940 699 3009 1(y
709 2940 845 3010 p)dropes
860 2957 900 3010 ep.
973 2955 1094 2995 minores

71 3011 117 3066 VI
133 3027 169 3093 p,
188 3009 311 3065 minores
325 3014 381 3064 niro
399 3010 456 3064 tres
470 3027 492 3065 e.
567 3015 599 3064 12
614 3009 667 3064 XII
680 3026 708 3066 e:
725 3011 779 3066 Vll
790 3029 819 3081 p.
892 3011 919 3067 ei
932 3011 1095 3067 diuturnam

70 3082 225 3153 petronem
240 3097 276 3150 p,
296 3080 396 3135 diurna
414 3083 444 3136 et
462 3083 500 3151 (r)
518 3081 662 3152 potionem
681 3098 703 3136 e.
792 3081 895 3138 veteris
913 3088 926 3137 i
943 3081 1042 3137 feretis
1061 3084 1095 3149 (c,

70 3155 183 3208 iserah'r
197 3154 231 3222 p)
250 3152 331 3208 dehis
351 3154 415 3222 (sic)
432 3168 474 3222 op.
583 3157 615 3207 13
634 3150 729 3208 hiduo
749 3183 783 3194 —-
801 3152 828 3207 V
847 3169 872 3208 c:
899 3169 950 3236 per
969 3151 1028 3208 dies
1046 3152 1094 3207 Ill.

73 3227 131 3280 oui
148 3223 183 3278 V.
194 3239 225 3293 p.
300 3229 333 3278 16
351 3223 422 3280 facit
435 3239 461 3278 c:
481 3225 613 3294 operatur
629 3240 657 3293 p.
731 3229 764 3279 1⁷
784 3241 862 3281 come
881 3223 978 3280 camini
995 3224 1095 3280 hacco-

72 3312 143 3351 rnm
161 3311 183 3350 o.
259 3300 291 3350 18
310 3297 340 3351 ei
357 3293 485 3350 inmelle
495 3312 525 3366 p.
601 3300 633 3350 19
648 3309 775 3366 ponesp.
848 3296 935 3350 sines:
955 3294 980 3350 si
997 3295 1040 3351 vis
1054 3310 1094 3364 cp.

73 3367 142 3422 tota
160 3367 243 3421 nocte
262 3383 284 3421 a.
357 3371 392 3422 20
410 3383 493 3422 mene
511 3383 578 3422 vero
592 3382 619 3421 c:
639 3367 669 3421 et
686 3383 768 3422 mane
777 3382 809 3435 p.
880 3365 950 3422 fecis
964 3383 987 3422 c.
1061 3370 1094 3420 21

74 3437 117 3492 ad
133 3436 283 3508 ydropieos
301 3454 324 3495 c.
338 3454 370 3510 p.
443 3437 519 3508 greci
538 3435 635 3492 dicunt
647 3454 679 3508 p.
753 3443 785 3491 23
800 3453 925 3507 pannum
942 3439 995 3506 (sic
1007 3442 1043 3509 p)
1061 3467 1095 3476 —

76 3507 187 3564 ciberis
206 3509 258 3577 (aie
270 3513 306 3580 p)
323 3524 373 3566 om.
394 3525 415 3564 e.
488 3510 561 3577 lip.
966 3543 968 3550 ,
