2476 4012
557 225 798 291 -216-

183 367 274 422 iecore
290 406 296 420 .
311 406 317 419 .
334 409 340 421 .
355 363 460 420 duritia
474 366 560 434 atque
574 364 646 420 sari·
719 370 750 433 3,
769 369 803 419 31
822 363 943 433 quedam
965 365 1044 421 ruine
1067 331 1167 422 rutulis

183 439 257 504 tate,
280 452 365 506 qnam
385 435 516 490 soirrosin
534 436 646 492 vocant.
719 451 790 505 queo
817 433 894 506 greci
922 434 1052 506 sincopas
1079 440 1170 494 vocant

166 502 647 591 oxoaaucsvaxdcfadtenebrosos
719 507 770 590 (sic
787 507 869 590 ctiam
886 505 1050 564 6616166166
1067 510 1170 564 retinuit

183 580 478 706 tetstatur
489 577 646 731 ..litt
712 592 1035 719 tatarum
1044 580 1171 717 ttae

183 724 249 777 ante
268 721 364 777 oculos
386 719 516 776 tenebras
534 720 645 790 patrun-
718 720 759 775 cd.
777 718 846 775 Bos.
868 723 937 775 1666
951 737 983 790 p.
1003 722 1076 788 691).

183 795 236 860 tur¹
250 796 291 846 71.
702 785 913 862 συγκριτικός
945 822 979 834 -
1011 793 1068 848 oid
1100 811 1171 863 pssu-

166 857 360 928 σταλτικόςε
379 859 539 918 cucurbitas
555 861 646 918 stalti-
719 857 905 931 ccyaqsrcaic.

183 950 230 988 cas
252 933 282 988 id
306 935 350 988 est
375 931 584 989 constrictorias
603 939 646 988 33.
701 927 862 998 adamaret
886 932 923 988 ad
946 933 1060 1003 sycosin
1078 934 1172 1004 (palpo

183 1011 216 1058 47
236 1004 282 1074 (os.
302 1002 465 1060 06611166.
484 1003 647 1072 otr.2,103
719 1004 842 1072 boarum)
866 998 952 1073 quari
974 1020 1027 1060 noo
1050 1005 1173 1060 fioitatem

183 1074 357 1131 cucurbitam
416 1072 647 1157 6666616616666).
719 1073 854 1142 dicimus,
900 1074 1041 1144 siquidem
1087 1074 1174 1132 similis

184 1145 305 1202 stalticis
327 1145 358 1201 id
380 1147 425 1201 est
444 1145 646 1201 constricturus
719 1145 814 1216 granis
837 1143 884 1200 fici
909 1145 940 1200 in
961 1145 1107 1217 palpebris
1123 1162 1173 1202 rer·

184 1222 226 1272 72.
269 1217 304 1285 cs.
324 1215 393 1271 Sim.
416 1232 437 1272 6.
461 1233 553 1274 6....
571 1215 645 1272 Cass.
717 1215 785 1272 satia
809 1215 949 1285 asperitas
973 1217 1130 1287 reperiatur
1146 1222 1174 1272 16

181 1287 229 1342 Fe.
263 1286 389 1357 capitulo
421 1288 479 1358 (33)
510 1288 546 1343 de
575 1287 647 1343 tussi
718 1288 765 1356 (cf.
788 1287 926 1343 Demostls
950 1303 995 1370 ap.
1021 1287 1174 1344 8166661-

182 1357 310 1414 humida:
335 1357 463 1414 stalticas
481 1357 564 1414 Greci
583 1375 645 1415 con·
718 1357 809 1428 66616).
833 1388 868 1398 -
892 1357 1008 1414 sicotrce
1035 1361 1122 1430 (med.)
1140 1364 1174 1414 11.

183 1430 324 1486 strictivas
342 1433 454 1486 vocant.
700 1424 906 1496 oduaaoua:
929 1427 1115 1499 simpasmate
1131 1428 1174 1486 tali

165 1495 336 1570 σταφυλῆς
352 1501 456 1570 6661616
471 1500 573 1570 (statiis
586 1501 646 1570 p)a
718 1499 761 1555 uti
786 1501 920 1570 oportet.
936 1541 942 1554 .
958 1541 964 1554 .
979 1501 1128 1558 cribellata
1151 1500 1175 1554 in

184 1570 297 1626 Graccis
308 1571 479 1652 appellatur,
496 1587 581 1640 qnam
595 1586 646 1625 nos
718 1571 820 1626 balneo
849 1571 1028 1642 aspergenda
1056 1579 1071 1628 6
1096 1575 1131 1642 (t.
1155 1577 1174 1626 t.
1215 1624 1216 1646 .

183 1658 268 1696 uvam
288 1641 405 1696 dicimus
424 1647 466 1698 36.
719 1644 772 1710 ld).
800 1643 835 1708 of.
852 1640 1011 1698 06611166.
1029 1647 1175 1712 6666116

165 1708 283 1784 otico:
319 1712 415 1767 unde.
431 1754 437 1766 .
453 1711 646 1767 ,steatomata
719 1713 786 1781 (etr.
805 1719 832 1779 3,
851 1718 894 1768 33.
928 1718 958 1781 6,
977 1719 1020 1770 33.
1043 1717 1089 1783 76)
1114 1731 1175 1782 sym·

183 1785 328 1840 vocantur.
346 1800 412 1838 nam
422 1781 522 1839 Graeci
532 1781 646 1853 adipem
718 1783 894 1853 pasmatibus
909 1786 1024 1840 utentes
1044 1801 1115 1855 quae
1131 1800 1175 1839 666

184 1857 258 1910 66666
276 1853 374 1910 dicunt
392 1861 435 1910 27.
718 1853 881 1924 aspergines
901 1854 1067 1912 dixerimus.

165 1921 454 1998 oraoedczciborum
467 1923 645 1995 qualitas...
700 1920 954 1992 συμπεπτικόνε
997 1926 1175 1998 simpepticon
1217 1990 1218 2002 χ

183 1999 295 2067 oportet
319 2013 378 2052 esse
398 1996 473 2052 61666
490 1997 536 2051 661
555 1994 647 2051 solida
718 1995 955 2052 medicamentum
986 1997 1018 2052 id
1049 2000 1095 2054 est
1121 2014 1175 2053 ccu-

183 2070 233 2122 aut
247 2068 426 2137 corpulenta,
445 2083 529 2135 qnam
547 2065 647 2121 Graeci
719 2066 904 2138 digestorium
925 2073 968 2122 42.

184 2142 294 2193 stercen
313 2139 415 2206 (storea
436 2137 525 2206 codd.)
544 2139 647 2193 vocant
684 2133 1176 2208 ctamuavazquaeuarasca

184 2214 226 2262 66.
719 2208 903 2279 simptomata
921 2210 1113 2292 appellantur,
1133 2225 1176 2264 nos

165 2278 304 2345 oesypa:
346 2277 481 2349 stigmata
516 2276 647 2333 dicuntur
718 2296 785 2336 vero
814 2279 973 2336 accidentia
1005 2281 1125 2338 dicimus
1150 2282 1177 2346 (6,

183 2350 358 2404 characteres
390 2348 542 2419 nominati,
575 2365 646 2419 quos
717 2351 759 2406 ael
770 2349 864 2406 dicere
877 2350 1035 2420 poterimus
1042 2354 1077 2424 p)
1090 2358 1130 2408 46.
1147 2350 1176 2416 cf.

182 2419 367 2476 militantium
385 2437 484 2476 manus
502 2421 548 2476 vel
566 2419 647 2475 femi·
719 2420 800 2478 6111.
815 2421 907 2492 6166,
922 2427 1176 2495 1466666666...

181 2493 448 2548 narumldaurarum
454 2492 548 2548 vultus
556 2493 646 2547 osten·
718 2492 793 2562 quod
807 2509 859 2547 nos
875 2492 1005 2552 accidens
1024 2494 1118 2551 dicere
1134 2508 1176 2562 po

182 2563 225 2618 dit
240 2570 281 2619 16.
306 2564 341 2631 cs.
352 2563 418 2619 Sim.
429 2580 450 2618 6.
460 2580 485 2618 6.
501 2605 508 2620 .
524 2607 530 2619 .
546 2605 552 2618 .
568 2561 645 2618 0666.
676 2581 681 2588 ’
718 2562 843 2618 terimus.
884 2571 915 2632 3,
945 2571 994 2620 131
1025 2562 1178 2622 accidentia

182 2634 229 2690 Pe.
249 2635 384 2705 stigmata
401 2634 554 2690 cicatrices.
718 2635 881 2705 passionum
899 2651 972 2704 quae
991 2634 1176 2706 (1666616616-

165 2701 368 2775 στοματικήε
393 2704 531 2760 confectio
553 2703 646 2772 oralis,
718 2706 847 2775 ptomata
870 2709 980 2762 vocant.
1019 2723 1065 2764 66.
1091 2709 1177 2774 1,11.

183 2791 268 2844 quam
288 2775 388 2831 Graeci
414 2775 580 2832 stomaticen
598 2791 646 2830 vo·
718 2782 745 2845 2,
763 2782 799 2832 30
818 2781 865 2833 etc.

183 2849 250 2900 cant
268 2853 311 2901 36.
701 2845 903 2918 evomenda
918 2879 950 2889 -
966 2849 1021 2904 uid.
1032 2865 1054 2904 6.
1068 2843 1178 2918 ἀγχόνη.

166 2916 471 2987 στρογγυλοτομὶατ
498 2916 647 2973 rotundam
701 2918 859 2990 συνεχὴςε
893 2935 960 2974 nam
988 2919 1091 2976 Graeci
1119 2933 1178 2974 con-

184 2986 356 3056 (incisuram)
413 3005 497 3056 quam
548 2987 648 3043 Graeci
719 2988 830 3046 tinuam
879 2989 1087 3060 (spirationem)
1137 2985 1178 3042 661

183 3057 438 3131 strongylotomian
456 3061 559 3114 vocant
578 3063 620 3114 18.
719 3061 814 3131 iugem
851 3060 948 3131 cynaei
979 3060 1108 3131 (sineeim
1137 3074 1178 3140 921,

165 3125 326 3202 στρόφοςε
350 3128 387 3184 ad
410 3129 529 3186 strofum
550 3129 582 3185 id
605 3132 649 3186 est
721 3131 844 3187 sineocm
876 3131 945 3188 Sim.
976 3148 998 3188 s.
1031 3130 1178 3196 sinanchrs)

182 3203 290 3256 tortum
308 3200 413 3258 ventris
432 3205 474 3256 60.
720 3202 867 3290 appellant
884 3209 927 3260 37.

166 3267 332 3342 666666πὴ6
354 3270 495 3341 aliquanti
509 3314 516 3329 .
532 3317 538 3330 .
554 3313 561 3328 .
575 3273 648 3328 hano
702 3284 859 3345 συνοχοςε
880 3274 917 3330 ad
932 3274 1028 3345 iugem
1045 3272 1105 3329 sive
1118 3287 1176 3326 con-

182 3344 340 3412 passionem
389 3341 560 3412 cardiacam)
593 3343 648 3399 sin-
719 3345 828 3402 tinuam
851 3345 960 3401 febrem
979 3362 1064 3416 quam
1083 3338 1176 3400 Graeci

183 3431 271 3489 copon
299 3414 514 3497 appellaverunt
542 3413 573 3469 id
606 3418 649 3470 666
720 3415 835 3472 6166666
853 3416 1011 3473 (11666661.

182 3485 406 3555 amputatronem
432 3490 474 3539 64.
512 3485 645 3553 6111166.
702 3482 834 3558 σύριγξι
857 3487 965 3544 fistulas
984 3486 1083 3544 Graeei
1101 3483 1175 3540 sirin-
