2510 4020
567 212 786 276 ,46-

256 355 336 418 aliud
370 357 407 418 ad
442 359 570 418 tinnitus
601 364 632 417 et
664 356 700 418 ad
735 355 939 436 obtrusiones,
972 372 1046 435 quas
1078 354 1176 418 Graeci

167 445 297 507 enlraxis
325 453 446 527 vocant,
472 452 504 507 et
525 446 562 507 ad
589 444 726 507 difficiles
748 444 867 506 auditus
891 451 921 504 et
946 442 982 505 ad
1010 445 1093 506 initia
1115 464 1175 508 sur·

167 534 275 595 ditatis.
316 536 429 596 nitrum
457 541 488 594 et
517 534 696 596 alronitrum
723 532 837 613 aequali
866 533 953 594 modo
976 533 1176 596 commiscebis

97 627 107 638 ‘
167 631 289 684 etcum
312 631 396 685 aceto
419 624 481 684 acri
505 630 535 684 et
558 622 623 684 oleo
646 625 741 685 veteri
764 622 921 702 tepefactis
944 621 1093 685 infundes

140 726 153 766 o
256 714 328 772 item
365 711 401 772 ad
432 710 612 773 vermiculos
648 714 766 773 aurium
803 711 970 772 lorinsecus
1003 711 1175 775 educendos.

167 801 337 862 centauriae
362 800 463 861 viridis
486 807 538 860 aut
560 799 704 862 marrubii
726 807 779 861 aut
801 798 942 862 absinthii
964 799 1068 862 viridis
1093 819 1176 863 sucus

107 922 110 928 ,
166 889 284 950 inlusus
307 887 439 951 excludit
460 887 647 950 vermiculos.
1044 954 1046 958 ,

256 976 292 1037 ad
316 976 420 1038 sordes
443 979 569 1038 aurium.
605 979 718 1040 nitrum
747 985 831 1040 aceto
855 976 1021 1039 resolutum
1044 996 1116 1040 cum
1137 985 1177 1040 cass

167 1064 226 1126 lida
247 1083 323 1144 aqua
350 1084 405 1145 per
427 1065 571 1127 auliscum
595 1068 706 1128 oticum
734 1067 839 1129 inicies
868 1075 899 1129 et
925 1066 1064 1147 deterges
1088 1071 1178 1130 etsie

127 1156 277 1215 mitorum
300 1152 466 1216 instillabis.

255 1243 293 1304 ad
311 1261 399 1304 aures
418 1242 528 1304 saniola
546 1243 676 1305 fluentes
693 1252 724 1305 et
744 1243 884 1305 humecta
906 1261 1026 1324 quoque
1045 1248 1179 1308 universa

166 1333 313 1394 trocieous
336 1331 433 1393 Herae
456 1331 628 1412 appellatus.
664 1334 772 1412 recipit
794 1340 894 1394 autem
916 1351 1037 1394 murrae
1060 1335 1179 1402 croci3

166 1420 306 1502 singrdas,
323 1420 462 1482 aluminis
481 1423 566 1483 scissi
584 1419 606 1488 5
622 1419 685 1482 xm
718 1420 839 1501 colliges
857 1429 888 1482 et
906 1423 1001 1484 uteris
1025 1421 1178 1503 aliquando

167 1526 202 1568 ex
226 1516 309 1570 aceto
333 1509 489 1588 aliqnando
511 1511 580 1571 vino
604 1518 732 1572 austero.

127 1614 152 1653 as
255 1597 291 1658 ad
318 1599 446 1658 tinnitus
473 1599 590 1659 aurium
617 1605 648 1658 et
674 1597 811 1660 difficiles
838 1600 966 1661 auditus.
1007 1599 1109 1662 oleum
1137 1619 1178 1662 ra-

167 1685 300 1746 laninum
319 1703 388 1746 oum
406 1694 491 1748 aceto
514 1695 545 1748 et
567 1689 647 1748 nitro
670 1689 701 1748 in
724 1705 784 1748 uno
804 1687 1011 1750 commiscebis
1034 1697 1065 1750 et
1089 1690 1178 1751 lerve-

166 1774 252 1836 lactis
276 1776 381 1836 uteris.

255 1863 334 1926 aliud
366 1863 402 1924 ad
435 1863 571 1926 difficiles
608 1863 727 1927 auditus
759 1874 790 1927 et
821 1867 960 1929 surditati
993 1869 1178 1929 conveniens.

166 1949 290 2012 ellebori
321 1950 380 2013 albi
411 1956 432 2025 3
460 1952 486 2034 1,
518 1952 655 2015 alronitri
686 1953 707 2022 3
738 1953 786 2037 lS,
819 1956 947 2017 castorei
974 1958 997 2031 9
1025 1953 1075 2038 IS,
1108 1957 1180 2018 aceti

125 2057 152 2097 ao
166 2042 291 2102 acrioris
315 2041 393 2121 quod
417 2042 577 2103 sullecerit.

238 2270 252 2316 1
273 2266 303 2319 et
320 2263 356 2318 ad
374 2263 549 2319 obnueiones
564 2282 598 2335 p:
619 2267 649 2320 et
666 2265 855 2322 obstrusiones
875 2269 935 2336 (oen.
951 2267 998 2336 ad)
1018 2284 1040 2324 c.
1124 2285 1180 2338 q‚c,

166 2369 232 2422 qsp
251 2340 293 2423 (q⁰s
306 2353 363 2422 μθ).
457 2353 611 2408 2anfrosis
631 2372 653 2422 c,
673 2347 792 2425 ositop.
873 2356 970 2410 elom
985 2371 1015 2425 p.
1099 2358 1179 2413 etad

165 2423 251 2479 inicia
270 2423 379 2480 surdita
400 2423 486 2480 inicio
504 2423 573 2480 nitri
591 2425 659 2481 nitri
678 2431 707 2482 et
726 2424 857 2482 colonitri
874 2432 922 2484 etc.
941 2443 964 2482 c.
1074 2435 1091 2483 3
1110 2429 1179 2485 alor-

164 2495 271 2550 nitrum
288 2496 352 2562 (sic)
365 2512 395 2564 p.
470 2496 633 2552 commisces
652 2515 693 2569 cp.
766 2505 862 2553 locro
877 2514 900 2552 c.
973 2499 1003 2552 et
1019 2500 1178 2568 (uuteoleo)

165 2583 215 2622 om.
225 2584 257 2637 p.
330 2572 346 2621 5
364 2565 483 2637 pmiclos
500 2568 565 2636 (aie)
583 2585 598 2623 c
616 2569 735 2634 (vermes
755 2569 850 2638 Petu).
936 2575 952 2624 6
974 2568 1132 2626 Centauros
1150 2588 1180 2640 ep

165 2639 252 2707 (-rie
271 2639 362 2707 Pele).
453 2641 503 2693 eut
520 2639 642 2694 marubii
658 2644 690 2710 (p
707 2646 733 2696 et
752 2641 841 2708 Pete.)
858 2655 908 2695 orn.
928 2657 950 2696 c.
1042 2648 1058 2696 '1
1077 2642 1181 2697 inlusos

164 2710 317 2764 excludunt
330 2725 362 2778 p.
436 2716 451 2764 9
470 2709 599 2778 panhscui
616 2713 709 2767 oceno
719 2729 749 2782 p,
768 2710 929 2782 parentinen
947 2710 1042 2766 octiosi
1058 2729 1080 2768 c.
1155 2717 1182 2767 ei

165 2780 294 2850 deterges
313 2795 363 2835 om.
383 2796 405 2834 c.
479 2785 512 2834 11
532 2781 670 2837 coniciam
689 2800 710 2849 c,
730 2783 837 2838 saniem
854 2799 884 2852 p·
958 2787 1048 2851 (Μ).
1122 2784 1180 2839 uni·

164 2867 246 2906 verse
264 2868 290 2907 o:
309 2866 360 2906 om.
375 2866 405 2919 p.
516 2856 548 2904 12
568 2853 634 2908 here
648 2871 679 2924 p,
698 2853 842 2924 (Trociaoi)
860 2869 927 2908 uere
945 2870 968 2909 c.
1077 2857 1104 2922 Β
1122 2857 1182 2925 (aiat

165 2940 229 2996 add.
255 2940 279 3008 e)
303 2939 385 2994 mirte
409 2922 479 3007 (dare
498 2941 531 3011 p)
557 2958 590 3010 cm
615 2944 735 3012 (myrrae
760 2968 793 2988 ι-
816 2938 941 3014 curiosus
964 2943 1105 3012 leyendum
1130 2959 1182 3000 ecee

165 3011 280 3066 collatus
295 3010 417 3065 Galenus
435 3011 511 3066 docet
528 3011 606 3080 XII,
625 3019 687 3068 610.
703 3019 762 3070 628
775 3018 848 3084 squ).
924 3019 956 3067 1³
976 3018 994 3075 3
1013 3013 1142 3086 singulas
1156 3031 1180 3070 c:

164 3099 369 3171 an.3.1.p.
441 3099 529 3164 3v11
549 3119 570 3172 ο,
590 3102 717 3173 gnua.
792 3102 890 3172 colligi
903 3085 1030 3172 (Ἰῇ,
1049 3102 1128 3173 gitur
1139 3104 1181 3176 pc)

165 3189 230 3244 vino
254 3173 364 3244 aestino
389 3189 530 3259 (-trino).
572 3191 618 3246 vel
636 3197 725 3248 aceto.
765 3193 794 3248 ei
818 3191 905 3247 uteris
920 3209 955 3262 p,
980 3191 1090 3262 colligis
1116 3192 1180 3248 vino

165 3259 276 3316 austero
299 3261 340 3329 (er
367 3261 399 3314 io
425 3263 493 3329 rae.)
517 3264 546 3317 et
570 3262 657 3318 uteris
684 3261 835 3332 aliquando
860 3279 895 3318 ex
918 3265 998 3320 aceto
1026 3263 1180 3333 aliquando

163 3332 229 3387 vino
248 3333 359 3387 austero
373 3347 395 3386 e.
470 3338 503 3388 1e
521 3334 563 3399 (et
572 3338 608 3402 p)
625 3333 654 3388 in
673 3351 728 3390 uno
748 3336 792 3404 (co
811 3365 845 3374 -
865 3334 890 3403 c)
908 3333 1009 3390 misceo
1030 3349 1072 3404 ep.
1148 3339 1179 3388 18

164 3406 193 3458 et
211 3402 343 3458 surditati
360 3416 411 3458 om.
431 3420 453 3459 c.
563 3403 939 3476 1931.5,p2113!(io
962 3407 1141 3474 mameae)
1159 3421 1179 3460 c.

164 3480 199 3528 20
218 3474 343 3530 acenoris
361 3474 425 3542 (sic)
443 3492 469 3544 q.
489 3492 510 3528 s.
531 3491 552 3530 c.
627 3477 771 3548 sollicite,
791 3475 896 3532 sufflet
914 3476 1005 3547 (cerii)
1019 3494 1050 3546 p.
