2476 4012
456 207 700 313 -‘1ce-

73 392 221 472 spumatio
255 392 343 452 ctiam
375 399 406 452 ct
442 391 655 454 insensibilitas
686 401 718 454 et
751 393 926 458 tenebratio.
976 400 1008 460 in
1040 399 1087 460 bis

72 478 231 542 cerebrum
258 482 371 560 patitur
399 489 430 542 et
457 483 553 543 omnis
580 484 745 544 nervositas
768 501 785 544 a
808 484 933 546 cerebro
963 487 1085 550 descen·

70 568 145 630 dens
173 566 230 629 sub
258 569 470 632 melancholico
498 569 624 632 humore
652 578 683 632 et
709 571 818 652 frigido
847 572 993 654 flegmate.
1036 577 1086 638 ali·

70 656 189 737 prendo
213 675 229 717 a
253 657 406 719 stomacho
428 662 590 740 patiuntur.
629 671 675 721 cst
694 663 773 721 enim
792 663 963 726 stomachus
984 665 1087 727 multis

70 747 174 808 nervis
197 745 388 809 sensibilibus
410 748 578 830 perplexus.
616 756 647 810 et
669 751 695 810 si
717 751 808 832 forte,
832 751 963 834 stetini,
988 771 1004 814 a
1027 763 1114 815 sto-⁵

69 835 177 896 macho
199 837 298 915 passio
321 837 414 898 luerit
431 847 498 899 nata
518 845 548 898 ct
569 836 727 900 cerebrum
750 842 884 923 petierit,
907 845 1087 904 accessionis

71 933 207 1005 tempore
235 925 377 986 fantasiae
405 926 500 988 oculis
528 926 714 1008 efficiuntur,
743 936 779 989 ut
804 927 863 990 illis
893 931 1003 1009 quibus
1025 932 1086 994 sui·

69 1015 150 1076 lusio
173 1015 329 1075 imminere
353 1015 529 1077 ostenditur.
566 1017 656 1076 etiam
678 1027 709 1077 ct
731 1035 823 1097 vapor
846 1019 966 1098 quidam
988 1023 1019 1082 in
1043 1023 1087 1082 eis

69 1101 108 1163 ab
135 1103 279 1163 inferiore
308 1105 420 1165 ventris
447 1111 532 1185 parte
556 1122 647 1185 saepen
669 1106 782 1187 lentur,
810 1123 869 1186 quc
898 1125 1005 1189 vapore
1033 1111 1086 1170 mi·

67 1194 161 1270 uirga
196 1190 313 1271 pulsata
347 1195 533 1276 concutitur,
570 1201 602 1255 et
637 1194 755 1256 cadunt
806 1196 987 1276 aliquotiens
1015 1213 1127 1259 vero10

68 1279 127 1341 sub
159 1279 372 1342 melancholico
403 1281 530 1344 humore
562 1281 731 1345 laborantes
764 1283 883 1346 difficile
917 1287 1027 1348 cadunt
1056 1295 1088 1348 ct

66 1370 163 1430 ieiuni
190 1368 297 1448 llcgma
324 1368 515 1432 subamarum
541 1381 573 1434 et
600 1389 775 1451 spumosum
797 1374 829 1433 in
861 1374 997 1436 faucibus
1020 1394 1086 1436 sen·

66 1459 158 1520 tiunt.
201 1456 357 1537 aliquando
380 1467 411 1521 et
434 1459 517 1522 cibos
539 1478 599 1521 non
629 1459 783 1542 digerunt,
811 1462 864 1523 sed
887 1463 997 1525 crudos
1019 1471 1087 1545 post

67 1563 176 1609 cenam
199 1548 347 1608 emittunt.
385 1555 415 1609 et
438 1556 484 1610 cst
507 1549 630 1610 molesta
652 1551 752 1630 passio
774 1552 900 1612 maxime
923 1553 1087 1614 infantibus

67 1634 255 1697 brevissimis
288 1643 319 1696 et
349 1636 480 1703 novatae
512 1641 617 1700 aetatis
648 1640 760 1718 pueris.
811 1640 845 1701 lit
876 1640 922 1701 vel
954 1644 1087 1704 nascitur
1101 1655 1128 1697 1⁶

67 1726 319 1806 omnitempore,
343 1725 395 1786 scd
414 1725 482 1806 plus
500 1745 592 1788 verno
611 1728 803 1807 frequentare
823 1730 1012 1792 manifestum
1031 1739 1085 1792 est.

159 1815 191 1874 iu
220 1813 425 1876 curationibus
452 1823 552 1876 autem
578 1818 610 1876 in
637 1817 742 1895 primis
765 1834 781 1876 a
806 1823 893 1896 tergo
921 1820 1001 1880 inter
1024 1835 1085 1879 sca·

67 1902 156 1984 putas
185 1903 265 1962 circa
292 1902 429 1982 spondyli
455 1902 555 1964 locum
582 1903 810 1984 praevaporabis
833 1907 965 1984 spongiis
994 1906 1086 1968 calida

67 2009 147 2072 aqua
176 1993 334 2071 expressis.
375 1998 427 2052 aut
454 1990 595 2053 cantabro
622 1993 654 2052 in
684 1991 805 2054 linteolo
827 1993 917 2073 ligate
941 2003 971 2056 et
993 1993 1087 2055 calida

67 2079 227 2142 ebullienti
253 2079 353 2140 inluso
380 2088 412 2141 ct
439 2098 580 2161 expresso
610 2080 778 2164 vaporabis,
808 2090 840 2143 st
867 2084 910 2144 sic
934 2082 1087 2144 scarilabis
1102 2100 1128 2140 ao

67 2177 97 2230 et
131 2187 189 2248 per
220 2168 393 2229 cucurbitae
426 2177 544 2249 raptum
579 2177 799 2250 competentem
830 2173 1005 2250 sanguinem
1037 2172 1087 2233 de·

67 2258 182 2319 trahes.
224 2259 312 2317 cuam
335 2263 366 2318 et
389 2258 555 2340 stomacho,
584 2257 635 2319 ubi
662 2259 777 2320 serrum
804 2263 923 2340 operari
945 2279 1006 2324 nou
1036 2280 1087 2341 po·

67 2349 157 2427 terit,
186 2347 379 2425 sanguisugas
406 2364 538 2427 appones
566 2347 670 2408 eodem
695 2347 781 2408 modo
811 2364 870 2426 quo
894 2351 1034 2429 superius
1057 2352 1088 2410 in

66 2441 257 2516 empyemate
281 2437 522 2515 conscripsimus.
559 2441 590 2495 et
612 2441 681 2514 post
703 2433 916 2496 detractionem
936 2439 1088 2516 sanguinis

145 2568 235 2624 1hiis
253 2585 275 2624 c.
362 2577 484 2624 ianm.
503 2586 525 2624 c.
607 2568 800 2624 descendentis
818 2585 840 2624 c.
926 2570 1037 2626 lenim
1052 2588 1087 2642 p:

65 2644 168 2697 autem
187 2656 208 2695 c.
281 2641 433 2712 opplexus
447 2657 482 2710 p,
500 2640 589 2724 pilea}
609 2657 631 2696 c.
705 2647 725 2718 6·
740 2639 834 2710 passio
854 2656 881 2695 c:
901 2656 950 2696 om.
967 2658 998 2711 p.
1072 2649 1087 2698 '1

66 2712 149 2768 oculi
168 2727 190 2766 e.
262 2706 428 2782 efficiuntp.
499 2711 603 2768 minero
617 2728 639 2767 c.
726 2710 875 2768 8iminere
884 2729 916 2781 p,
934 2719 1050 2769 imiore
1065 2729 1087 2770 c.

65 2783 97 2839 in
117 2799 172 2840 om.
193 2798 215 2836 c.
288 2783 449 2839 tinteriori
468 2799 490 2838 c.
563 2782 735 2852 superfertur
749 2781 826 2852 (let')
841 2800 868 2871 p:
885 2785 1048 2854 frequenter
1056 2801 1087 2854 p.

63 2871 200 2940 miningas
214 2887 240 2926 c:
254 2877 370 2942 imniga
379 2889 409 2941 p.
484 2877 517 2928 10
536 2872 694 2927 concutitur
708 2889 733 2927 c:
753 2853 854 2942 οδοιῖῐιὺ
870 2873 1046 2943 (—curritur)
1056 2891 1087 2944 p.

65 2941 225 3012 aliquando
245 2944 305 3012 (om.
319 2944 396 3012 vero)
412 2961 433 2998 c.
508 2947 541 2998 12
555 2943 659 3014 flegma
671 2959 722 2998 cm.
738 2959 760 2998 e.
832 2943 1046 3014 subspnmosum
1056 2962 1087 3014 p.

66 3020 101 3070 1³
124 3013 204 3068 cibos
228 3029 254 3068 e:
279 3013 413 3069 carbones
431 3015 496 3083 (pro
519 3015 627 3084 carnes)
647 3031 678 3084 p.
788 3015 1088 3083 nominantem.

64 3086 95 3140 in
116 3083 170 3138 ini.
186 3099 217 3153 p.
308 3089 342 3138 15
360 3085 531 3140 brevissimis
550 3101 576 3140 e:
599 3084 725 3156 parvulis
739 3101 769 3154 p.
862 3092 895 3142 16
914 3103 999 3142 verno
1017 3088 1088 3142 tem·

64 3171 140 3227 porc
164 3171 186 3210 c.
278 3159 312 3209 18
335 3155 410 3211 circa
432 3172 481 3210 om.
507 3173 528 3211 c.
620 3156 753 3226 spondilii
776 3173 803 3224 c,
831 3157 1033 3226 apenditiorum
1056 3174 1088 3227 p.

64 3244 142 3298 prev
198 3225 267 3281 ratis
284 3243 317 3294 p,
337 3226 428 3281 -tius
447 3245 469 3285 c.
542 3227 641 3282 calidis
659 3243 734 3298 aqua
751 3243 779 3294 c,
802 3245 835 3283 ex
859 3227 952 3282 calida
969 3244 1043 3298 aqna
1056 3245 1087 3298 p.

67 3305 103 3354 19
125 3296 218 3352 caide
236 3297 367 3352 bullienti
381 3315 416 3366 p,
441 3298 532 3354 calide
555 3297 705 3355 ebulientis
728 3314 750 3354 c.
842 3304 876 3353 20
898 3298 1015 3354 infundo
1042 3316 1087 3354 ax-

66 3385 168 3440 pressn
184 3384 205 3426 c.
278 3367 447 3424 sacrificabis
461 3385 502 3438 cp.
575 3374 608 3424 it
623 3385 674 3439 par
688 3387 715 3425 c:
734 3370 800 3438 poet
809 3386 840 3438 p.
912 3372 1089 3440 competente

67 3438 228 3509 sanguise,
247 3441 440 3509 competenter
453 3438 617 3510 sanguinem
627 3457 657 3509 p.
731 3443 765 3495 23
782 3453 907 3510 apponas
926 3457 948 3509 c,
968 3441 1047 3495 -nis
1057 3458 1088 3511 p.
1194 3485 1196 3490 .

67 3517 105 3565 24
127 3511 251 3582 epimate
265 3526 296 3580 p.
