2452 4014
448 234 686 300 —127-

58 379 196 442 balaustii
226 379 248 448 5
280 379 314 443 it
361 379 509 460 colligitur
538 381 605 440 vino
639 382 766 460 myrtino
795 389 825 445 et
852 377 973 443 inicitbr
1001 400 1069 442 cum

58 469 231 532 decoctione
257 468 326 530 rubi
354 477 405 530 aut
427 477 539 548 myrtae
564 476 614 530 aut
638 468 705 530 mali
733 472 848 549 granati
875 471 995 532 corticis
1018 479 1069 532 aut

58 576 140 619 rosae
170 560 266 620 siccae
294 566 345 619 aut
367 575 517 620 ramorum
542 557 665 637 siliquae
692 575 824 638 graecae.
866 557 1015 637 decoquas
1038 561 1068 620 in

57 649 122 707 rino
153 656 187 708 et
223 665 299 725 aqua
335 646 505 726 singillatim
536 655 587 708 aut
624 645 712 707 simul
747 649 778 708 in
812 665 885 728 uno,
922 655 953 707 et
983 664 1067 726 prae-

58 737 204 815 vaporatis
222 734 357 814 partibus
376 734 489 796 alterna
508 737 671 796 mutatione
690 737 894 817 spongiarum,
914 737 1095 815 suppositos

58 823 195 886 clunibus
224 823 375 904 cervicali,
400 825 506 886 inicias
532 841 588 903 per
615 832 735 886 enetera
763 824 793 886 id
822 832 868 885 est
895 823 996 885 tibiam
1024 825 1068 884 in·

57 914 210 973 lectoriam
241 912 343 973 multis
375 912 541 974 cavernulis
576 912 756 992 perforatam
794 931 869 992 quae
904 911 1069 992 appellatur

56 1000 227 1081 polytretos.

142 1089 300 1170 collyrium
315 1089 557 1170 suppositorium,
570 1088 650 1168 quod
660 1087 766 1152 Graeci
779 1089 941 1171 ypotheton
954 1097 1068 1170 vacant,

57 1180 237 1238 conveniens
255 1179 281 1238 is
299 1179 424 1238 maxime
444 1180 496 1258 qui
518 1179 669 1258 frequenti
687 1178 852 1240 deiectione
872 1178 1067 1239 assellationis
1082 1193 1108 1234 ro

56 1265 206 1346 surgendo
234 1267 403 1346 fatigantur.
445 1285 583 1328 somnum
610 1269 721 1329 etenim
747 1276 902 1348 provocat,
933 1274 1067 1328 ventrem

55 1354 185 1417 abstinet
207 1362 238 1417 et
260 1357 390 1434 quietam
414 1364 532 1417 noctem
555 1354 723 1416 laborantes
746 1357 875 1417 transire
899 1355 977 1416 facit.
1021 1372 1068 1415 ac·

55 1445 125 1524 cipit
143 1451 243 1506 autem
263 1445 344 1504 croci
363 1445 487 1524 styracis
506 1462 625 1505 murrae
644 1445 772 1505 castorei
790 1445 915 1524 acaciae,
935 1444 1067 1504 omnium

55 1531 77 1589 V
98 1531 120 1600 3
142 1532 289 1614 singulas,
312 1534 389 1593 turis
412 1533 535 1594 masculi
557 1533 578 1600 3
602 1531 650 1594 lll.
688 1551 760 1594 suco
785 1531 962 1612 plantaginis
986 1529 1066 1592 colli-

56 1623 133 1700 gitur
156 1629 190 1682 et
211 1621 287 1683 fiunt
309 1621 430 1702 collyria
453 1621 604 1702 sublonga.
1081 1634 1108 1676 1⁵

142 1711 178 1771 ad
212 1710 412 1772 exclusionem
440 1709 602 1791 longaonis.
652 1713 748 1771 erices
777 1728 883 1790 carpu,
915 1708 1068 1789 gallaeum,

125 2003 191 2060 lin
208 2003 274 2059 vino
293 2021 329 2058 m.
345 2020 368 2059 c.
475 2003 556 2058 trel
573 2003 641 2060 mali
655 2021 685 2073 p.
789 2002 950 2072 contessa,
970 2008 1066 2072 -epa

57 2075 215 2144 adecoque
234 2077 309 2146 (43)
324 2091 354 2145 p.
427 2072 628 2144 tsingulatim
642 2091 684 2144 cp.
757 2073 937 2144 bsnbposito
955 2088 977 2128 a.
1050 2080 1066 2128 6

56 2145 182 2201 cruribus
200 2163 222 2202 c.
307 2143 515 2216 ptibienethera
528 2163 565 2215 p,
582 2146 666 2216 pt'rbr
685 2165 700 2212 z
719 2147 770 2216 (et)
790 2145 875 2201 edera
893 2161 907 2200 c
925 2145 1008 2213 (ande
1026 2144 1066 2199 la·

56 2220 150 2271 natan
162 2233 221 2273 coc.
235 2216 337 2272 tibiam
351 2219 511 2286 transposui
523 2223 588 2286 post
605 2217 623 2272 i.
634 2243 668 2264 =
679 2218 709 2272 iel
723 2222 773 2272 ast.
795 2218 829 2285 cf.
844 2215 970 2272 auliacon
984 2231 1067 2285 quem

57 2304 104 2342 nos
122 2288 226 2344 tibiam
244 2287 336 2344 dicere
354 2286 517 2358 poterimus
530 2288 602 2343 (lael.
617 2306 648 2370 p.
668 2291 741 2358 191).
848 2285 1025 2343 iniectorium
1043 2302 1066 2354 a,

57 2360 132 2414 —ria
150 2377 182 2430 p.
292 2363 307 2413 'l
331 2357 480 2413 multis-
501 2361 537 2428 (9)
557 2358 703 2414 Collrrium
726 2375 776 2414 om.
796 2376 817 2414 a
925 2357 1068 2428 perforata

58 2445 109 2496 qna
124 2473 130 2486 .
148 2475 154 2486 .
171 2429 345 2499 ‚politreton
359 2444 389 2499 p.
462 2435 479 2484 9
497 2429 626 2500 ipoteton
645 2447 673 2498 c,
692 2431 797 2500 ypoter'r
811 2445 834 2498 p
853 2428 900 2495 (cf.
919 2428 998 2512 Alep.
1018 2427 1066 2481 lat.

56 2500 177 2566 t115b,
199 2516 241 2569 pr.
260 2517 291 2569 p.
309 2505 367 2558 462
390 2501 619 2556 ed.Bas.1556.
656 2502 692 2570 cf.
705 2517 737 2570 Ρ.
755 2504 811 2554 450
830 2494 898 2552 dato
921 2493 1067 2552 ineditos

57 2562 239 2641 ἢκολλύριον
258 2576 325 2641 eta).
417 2576 450 2626 10
470 2573 499 2626 et
517 2587 595 2626 conr.
610 2587 641 2640 p.
727 2587 750 2625 c.
769 2568 890 2624 maxime
908 2568 953 2623 hia
972 2567 1020 2637 qui
1034 2585 1065 2637 p.

56 2641 91 2696 is:
109 2642 154 2698 his
174 2658 216 2712 ep.
308 2648 340 2695 11
359 2642 528 2712 resurgendo
546 2658 574 2710 p.
665 2647 699 2696 12
717 2639 821 2696 retinet
834 2657 864 2709 p.
948 2638 1066 2694 transire

57 2711 330 2785 facitps..1lfcere
353 2713 398 2768 fac
423 2714 481 2784 (sed
503 2717 610 2768 mutata
629 2730 644 2768 a
666 2714 698 2768 ia
720 2713 775 2782 t)c
798 2711 856 2780 (abi
878 2709 936 2765 seii.
958 2710 1067 2779 primae

57 2781 175 2850 litterae,
192 2784 212 2838 i.
229 2801 250 2840 e.
263 2799 356 2840 sosas
365 2785 552 2854 praecedentis
565 2785 691 2851 ultimae,
709 2784 762 2853 legi
774 2799 850 2837 nanc
863 2797 920 2837 aaa
929 2782 1065 2851 possam).

57 2853 166 2926 Accipit
184 2855 278 2910 autem
297 2871 323 2910 a:
342 2857 413 2924 Rp.
488 2861 520 2910 13
535 2855 644 2910 stiracis
663 2872 686 2923 c,
705 2853 822 2910 storacis
834 2869 865 2922 p.
936 2853 1020 2906 mirre
1034 2869 1066 2921 p,

57 2925 123 2982 mna
142 2942 164 2982 c.
278 2926 403 2982 omnium
426 2931 473 2982 cte.
493 2928 559 2982 boec
579 2927 643 2982 dedi
665 2941 699 2982 ea
721 2941 743 2980 c.
782 2942 848 2980 nam
865 2924 933 2978 mire
951 2924 1067 2992 constan

59 2998 180 3067 (propter
196 2996 267 3052 turis
286 2998 405 3053 maseuli
427 3003 521 3054 aotam
538 2998 683 3066 displiceas)
697 2997 811 3066 praebet
829 3012 853 3065 p
872 2995 947 3064 (post
965 2993 1066 3061 acatis)

57 3067 130 3122 hoece
148 3067 343 3138 ppoqnistidos
360 3069 426 3124 anci.
462 3068 523 3138 pini
541 3069 635 3123 cortic
663 3067 754 3123 thuris
771 3071 841 3122 mffi.
855 3071 899 3120 an.
913 3065 966 3130 31.
986 3065 1067 3134 paria

58 3139 179 3204 pondera
202 3139 296 3208 collig.
321 3156 385 3194 cum
407 3155 475 3195 suco
496 3139 565 3210 plau
617 3139 623 3152 '
647 3137 669 3194 's
688 3141 717 3194 et
736 3139 782 3194 faa
801 3137 910 3194 collirio
928 3134 1067 3205 sublonga

59 3210 213 3265 confectum
234 3209 344 3264 lenibus
363 3227 514 3280 apponens.
550 3228 600 3292 pre
612 3211 662 3265 oto
680 3209 742 3280 ipso
760 3210 899 3282 longaona
917 3222 973 3261 uno
991 3206 1089 3288 bono·

59 3279 220 3338 subaustero
243 3285 294 3335 aut
315 3280 426 3336 lentisci
449 3281 496 3336 val
517 3297 603 3336 mure
630 3281 802 3337 decoctione.
847 3277 955 3334 addunt
980 3278 1066 3332 atram

59 3349 152 3417 gallaa.
189 3369 323 3408 carneam.
357 3352 479 3408 matiam
498 3351 660 3421 supradicto
682 3351 813 3422 pondera.
887 3349 1009 3403 laidem
1028 3352 1067 3401 est

59 3417 252 3564 astitisset
269 3418 857 3565 :sistatcontestatae·
882 3418 944 3475 00‘·
965 3417 1065 3483 Μ’

445 3535 450 3548 .
579 3537 584 3551 .
639 3535 649 3561 ,
724 3537 730 3548 .
806 3533 812 3546 .
