2452 4014
487 245 728 312 .-139-

97 393 193 455 veteri
216 399 247 452 et
269 394 348 454 nitro
367 399 398 452 et
415 390 502 452 melle
521 389 638 452 modico
657 390 787 453 adhibita
808 391 939 454 vertebri
957 392 1113 455 humorem

5 485 7 492 '
96 481 240 560 frigidum
270 480 424 560 depurgat.
475 482 501 541 si
531 497 601 541 vero
630 487 699 559 post
729 479 889 542 secundam
919 481 965 542 vel
995 485 1113 544 tertiam

96 571 289 630 iniectionem
313 570 434 630 minime
457 569 569 630 luerint
591 568 714 630 relevati
736 571 896 650 patientes,
927 573 1113 632 extrinsecus

94 657 154 720 sub
179 655 317 719 clunibus
336 666 366 719 et
384 657 492 719 humor
515 659 579 737 ipse
599 657 781 739 ostenditur,
804 665 923 738 praeter
942 677 977 719 ea
995 667 1114 738 oportet

95 749 180 826 ipsos
198 745 368 807 laborantes
386 745 481 806 calido
496 747 540 807 uti
559 744 674 806 lavaero
694 753 724 808 et
742 746 807 807 loea
821 764 897 826 quae
916 747 1029 808 luerint
1047 746 1140 808 oleoo

95 835 144 896 vel
172 841 325 914 unguento
353 833 465 913 polluta
492 833 717 913 diligentissime
750 835 846 915 pridie
874 853 984 915 sapone
1014 835 1112 897 lavari.

92 922 206 984 dehine
228 922 284 983 alia
308 921 355 984 die
379 921 511 1002 thapsiae
536 940 607 984 suen
631 924 711 1002 ipsas
735 923 833 984 illines
855 932 956 1003 partes
979 933 1009 986 et
1032 925 1113 984 sines

95 1011 193 1073 donee
221 1011 363 1072 inllentnr
387 1029 441 1073 seu
468 1010 688 1093 pustuloseanl,
716 1020 747 1073 et
773 1021 842 1092 post
863 1011 929 1074 dies
952 1011 992 1072 lll
1015 1021 1067 1073 ant
1089 1011 1113 1070 V

95 1101 245 1161 cerotario
277 1117 314 1160 ex
347 1098 502 1179 diaehylon
534 1100 670 1162 conlecto
703 1102 805 1162 uteris.
852 1103 898 1162 sin
925 1119 996 1162 vero
1024 1103 1112 1162 nimis

93 1188 225 1250 acerbus
254 1190 386 1267 coegerit
413 1187 511 1269 dolor,
538 1190 627 1250 etiam
650 1196 681 1249 et
707 1191 738 1250 in
762 1188 901 1250 eruribus
924 1207 1014 1268 supra
1036 1189 1152 1250 talos10

95 1279 258 1339 interiores
285 1294 374 1338 venas
407 1276 521 1338 incides
551 1284 581 1337 et
612 1284 681 1356 post
713 1276 926 1339 detractionem
959 1279 1112 1357 sanguinis

97 1368 207 1428 laetam
230 1363 445 1427 medicamento
473 1363 633 1444 emplastro
661 1365 822 1427 ischiadieo
851 1367 953 1427 uteris.
989 1374 1020 1426 et
1042 1383 1111 1426 eon-

95 1455 199 1515 fieitnr
226 1455 278 1514 sie.
319 1455 427 1533 reeipit
455 1453 589 1533 addaces,
618 1455 742 1533 sinapis,
769 1456 896 1535 pyretri,
923 1454 1112 1534 stalisagriae,

94 1543 239 1604 bacarum
266 1541 356 1623 lauri,
384 1544 525 1617 samsnoi,
553 1543 638 1620 nitri,
666 1543 791 1624 piperis,
819 1544 952 1604 omnium
979 1551 1047 1604 octo
1075 1555 1112 1604 ÷

92 1630 242 1711 singulas,
273 1632 389 1692 resinae
413 1632 506 1692 lrixae
529 1629 550 1696 3
572 1629 623 1711 vl,
646 1649 731 1692 eerae
756 1639 786 1692 et
808 1631 866 1692 olei
888 1633 997 1694 veteris
1019 1630 1151 1692 libras15

92 1719 236 1800 singulas.
273 1737 311 1780 ne
335 1719 422 1780 molle
446 1727 545 1800 exeat,
566 1718 588 1785 3
611 1718 649 1779 Vl
672 1721 772 1781 mittes
795 1719 861 1781 olei.

401 1895 489 1956 Lllll.
525 1894 573 1955 ld
596 1895 799 1974 paralysim.

184 2019 239 2080 Est
266 2027 364 2080 antem
392 2018 535 2099 paralysis
563 2019 694 2080 causatio
722 2037 881 2080 nervorum
912 2018 1110 2099 quisingulis

95 2108 228 2171 motibus
251 2107 454 2168 membrorum
482 2109 649 2169 inserviunt
672 2118 723 2170 ant
750 2126 878 2188 qnorum
901 2107 1028 2168 naturali
1051 2107 1109 2168 ool·

94 2199 237 2278 ligatione
261 2195 375 2274 singula
398 2195 531 2257 membra
554 2204 709 2276 reguntur.
729 2203 781 2258 'ex
800 2215 858 2276 qua
877 2199 1022 2277 contingit
1045 2199 1109 2257 sine
1124 2211 1150 2250 2⁰

91 2288 269 2368 operatione
293 2285 371 2344 effici
393 2294 495 2364 partes
518 2303 593 2364 quae
616 2288 779 2366 patiuntur.
816 2293 847 2346 et
865 2295 936 2347 sunt
953 2286 1108 2347 distantiae

165 2534 182 2582 3
211 2524 330 2581 relevati
358 2542 385 2581 e:
412 2525 531 2581 revelati
553 2543 583 2596 p.
706 2531 724 2580 4
751 2523 803 2578 sub
831 2523 933 2579 enbitis
958 2524 1059 2578 humor
1086 2540 1109 2592 o,

89 2599 233 2702 snoiab3²t
248 2614 349 2670 humor
363 2631 394 2684 p.
498 2613 558 2684 ipse
576 2629 627 2669 om.
642 2630 673 2683 p.
771 2614 900 2682 preterea
912 2629 948 2684 p:
968 2613 1069 2681 postea
1087 2629 1109 2668 e.

91 2714 107 2762 6
127 2703 243 2776 polluta
256 2720 292 2773 p:
310 2703 414 2772 poeula
432 2720 454 2759 e.
527 2701 618 2773 pridie
635 2702 696 2772 (sie)
710 2717 766 2771 pro
783 2701 876 2771 prima
893 2700 938 2756 die
956 2717 997 2771 op.
1069 2701 1110 2756 le·

90 2773 172 2833 vaori
191 2791 213 2844 e,
231 2774 326 2829 lavare
340 2791 371 2844 p.
454 2779 557 2829 asueri
576 2790 598 2830 e.
680 2771 766 2828 illinis
785 2789 826 2842 ep.
898 2771 965 2827 sinis
979 2789 1021 2842 op.
1093 2777 1131 2846 8¹

89 2845 289 2919 pustulesoanl
307 2861 340 2914 ep
365 2845 413 2912 (ef.
434 2843 505 2901 Cael.
525 2845 596 2900 Aur.
611 2862 642 2915 p.
662 2847 736 2912 553).
845 2849 861 2898 9
881 2843 1017 2900 oerotario
1036 2845 1066 2898 et
1079 2860 1109 2913 p,

90 2918 247 2974 centaurea
264 2932 298 2970 ex
316 2932 338 2970 e.
412 2915 554 2971 diaelailon
572 2933 614 2986 ep.
686 2913 813 2970 coniecto
828 2913 963 2986 (-tio)p
981 2915 1057 2984 (-io
1075 2918 1109 2983 o).

93 2988 147 3045 Sin
164 2988 227 3056 (odi
243 3004 264 3042 n
283 2987 315 3040 in
333 3003 388 3042 ras.
408 2993 490 3056 corr.)
503 3004 538 3056 p:
558 2985 589 3041 Si
607 3004 629 3042 e.
712 2991 746 3041 10
765 2986 881 3041 acerbus
900 3003 926 3041 e:
946 3003 1010 3042 aoer
1028 2987 1057 3054 (i
1076 3000 1110 3040 ea

90 3076 164 3116 corr.
187 3059 331 3128 anamma)
344 3074 375 3128 p.
453 3057 540 3113 etiam
563 3074 614 3113 orn.
633 3075 655 3114 e.
735 3061 766 3110 11
786 3056 931 3112 inferiores
949 3074 990 3127 cp.
1067 3056 1110 3112 in-

91 3129 164 3187 cidis
191 3146 206 3184 e
233 3128 328 3196 (—des
374 3131 390 3197 ).
507 3135 539 3184 12
567 3129 804 3184 medicamentum
831 3144 872 3198 ep.
986 3126 1111 3197 oplausli

86 3201 251 3272 madiae
266 3216 297 3269 p,
316 3146 401 3270 epssm
419 3199 549 3270 sciaticus
568 3217 583 3266 z
602 3199 745 3270 plitialioir
764 3215 786 3256 e.
869 3205 902 3254 13
920 3199 947 3266 R
965 3215 991 3253 e:
1013 3214 1064 3252 om.
1078 3215 1109 3269 p.

91 3288 215 3344 adarieis
234 3304 256 3344 e.
329 3287 419 3358 sinapi
437 3306 464 3344 e:
483 3305 554 3371 -pe
568 3305 600 3357 p.
688 3294 721 3344 14
740 3291 797 3344 offis
814 3289 878 3344 octo
897 3270 930 3351 ⁷3.
950 3286 1064 3357 singl'as
1082 3303 1109 3342 e:

91 3365 139 3416 an.
157 3364 185 3429 ·;·
203 3361 223 3414 I.
238 3376 269 3428 p.
344 3364 377 3413 15
397 3358 458 3416 e'te.
475 3358 531 3415 olea
545 3359 640 3414 uteris.
659 3358 764 3430 imglis
776 3376 812 3416 ne
826 3399 833 3412 .
849 3400 856 3413 .
871 3400 877 3413 .
892 3359 954 3428 (sic)
968 3376 991 3413 e.
1064 3362 1108 3413 ari.

92 3432 122 3488 l'.
141 3431 163 3488 1.
178 3448 208 3501 p.
283 3435 316 3485 16
331 3447 366 3484 ne
380 3430 466 3486 molle
481 3433 563 3485 exeat
576 3431 637 3500 (sie)
651 3447 684 3499 cp
703 3430 784 3498 (sorte
800 3430 881 3486 sarad.
903 3433 954 3485 ant
970 3448 997 3484 n.
1012 3446 1048 3484 m.
1064 3429 1108 3498 e).

95 3509 129 3558 l'l
149 3502 191 3558 De
209 3500 337 3572 passione
356 3500 472 3570 paralisi
486 3518 517 3571 p.
591 3506 625 3555 21
645 3500 754 3556 effioere
773 3517 815 3571 ep.
