2452 4014
465 246 704 311 -123—

169 391 257 453 alini
307 393 435 471 acaciae,
469 394 563 471 croci,
595 411 647 472 ges
680 403 794 455 asteros
825 398 856 456 in
890 397 958 456 vino
990 396 1092 457 datum

79 481 258 543 coclearium
281 480 294 540 l
318 480 454 541 similiter
477 480 644 542 abstinebit.

169 569 255 629 aliud.
297 571 482 630 summitates
510 569 579 630 rubi
606 588 680 649 quas
703 570 790 650 vulgo
820 573 955 632 turioncs
978 582 1091 653 vocant,

78 669 108 720 ct
126 675 230 718 murra
249 675 317 720 cum
337 657 448 719 caduco
472 666 610 737 granatae
629 668 660 720 et
682 659 756 739 galla
779 659 947 720 omiaoitide
971 661 1002 721 in
1023 663 1091 721 vino

77 749 207 828 styptico
240 747 328 806 simul
357 747 479 807 decocta
507 754 537 807 et
568 749 600 807 in
627 750 748 827 potione
775 748 842 809 data
871 750 932 808 sive
961 766 1016 827 per
1048 751 1118 808 ino

77 839 205 898 seriores
228 844 328 915 partas
350 835 465 914 podicis
487 837 596 895 iniecta
619 853 734 896 summe
758 837 836 898 lacit.

168 924 255 989 aliud.
291 926 407 1003 ptisana
430 940 499 986 cum
527 923 703 1002 plantaginis
726 942 799 986 suco
827 925 948 986 decocta
973 933 1003 985 et
1026 925 1091 986 data

76 1013 209 1074 abstinet
231 1020 379 1091 ventrem,
401 1013 509 1073 iniecta
532 1021 632 1073 autem
655 1013 757 1074 cadem
780 1014 904 1094 perficit.

167 1103 249 1181 potio
271 1099 308 1161 ad
331 1100 538 1180 dysenteriam.
578 1119 646 1162 ossa
667 1101 704 1162 dc
727 1102 841 1164 locusta
865 1103 976 1162 marina
1001 1120 1092 1181 super

75 1191 223 1252 carbones
247 1197 364 1262 exusta,
387 1188 478 1268 galias
500 1190 605 1250 leviter
628 1189 809 1272 subassatas,
832 1208 865 1251 os
889 1193 987 1270 sapiae
1011 1193 1131 1251 simi-1⁰

74 1281 145 1341 litai·
182 1277 383 1358 subamarum,
422 1295 543 1339 crocum
580 1281 642 1338 sive
679 1277 823 1340 caducum
860 1279 929 1340 mali
964 1281 1089 1358 grauati,

27 1421 34 1430 ,
74 1369 212 1429 bitumen
231 1366 379 1428 iudaicum
398 1374 449 1428 aut
467 1385 522 1446 pro
541 1365 687 1427 bitumine
704 1369 801 1446 picem
820 1369 940 1448 siccam,
957 1369 1089 1428 omnium

74 1457 99 1514 V
121 1458 206 1538 paria
228 1455 360 1535 pondera
381 1455 539 1535 diligenter
562 1463 642 1516 teres
665 1463 697 1516 et
718 1457 749 1515 in
772 1473 862 1535 posca
884 1454 977 1516 dabis.

166 1544 246 1607 aliud
273 1543 309 1604 ad
337 1543 544 1623 dysenteriam.
585 1546 732 1605 trocisous
760 1542 807 1604 dia
834 1544 963 1623 symiytu
990 1544 1088 1624 appel·

74 1635 168 1714 latus,
196 1649 286 1712 quem
314 1633 453 1711 superins
480 1632 516 1692 ad
544 1635 697 1712 sanguinis
725 1634 947 1694 raiactationam
971 1633 1132 1711 scripsi-1⁵

74 1741 144 1785 mus
172 1729 224 1782 aut
251 1721 298 1782 dia
325 1719 436 1781 coraliu
465 1729 516 1781 aut
545 1729 626 1782 certe
655 1721 702 1782 dia
729 1721 844 1783 clactru
873 1730 924 1783 aut
955 1723 1092 1800 trigonus

73 1814 226 1874 trociscus
249 1809 386 1870 similiter
408 1811 439 1869 in
462 1811 584 1888 potione
608 1809 694 1870 datus
716 1810 871 1888 magnifice
896 1818 1047 1888 operatur.

166 1899 254 1960 aliud.
290 1897 335 1958 lac
358 1899 505 1958 asininum
524 1905 575 1959 aut
593 1900 747 1977 caprinum
767 1896 899 1958 schiston
922 1899 1092 1958 coniectum

73 2000 104 2052 et
128 1989 232 2049 datum
256 1986 385 2056 abstinet
407 1994 549 2046 ventrem.
587 1985 719 2047 schiston
743 1986 847 2048 dicunt
865 1984 970 2047 Graeci
993 1986 1037 2047 lac
1060 1989 1091 2046 in

72 2095 136 2159 quo
164 2076 277 2156 lapides
304 2074 436 2136 liuvialcs
469 2076 583 2136 incensi
611 2077 771 2137 mittuntur
799 2076 860 2136 sive
889 2076 1091 2154 extinguntur.
1106 2091 1132 2130 ao

166 2164 245 2226 aliud
269 2163 305 2224 ad
328 2163 532 2242 dysentericos
556 2171 586 2224 ct
607 2164 741 2244 ciliacos,
768 2163 798 2224 id
821 2171 869 2224 cst
891 2162 957 2224 illos
980 2166 1032 2244 qui
1055 2183 1092 2224 ex

73 2255 191 2315 renuis
213 2254 351 2332 passione
374 2251 404 2312 id
428 2259 474 2311 est
496 2251 679 2313 ulceratione
701 2252 838 2314 similiter
856 2260 890 2313 ut
913 2251 1092 2332 dysenterici

150 2422 272 2477 locucio.
282 2439 323 2492 cp.
388 2421 461 2476 croci
476 2424 541 2492 (c'o)=
557 2427 591 2477 cir
601 2439 642 2493 cp.
705 2424 830 2494 gosleros
840 2439 864 2490 a,
878 2425 1049 2492 gerestereos
1060 2439 1090 2490 p.

72 2496 145 2550 delo
164 2492 279 2548 ardete
292 2509 323 2562 p.
396 2491 606 2562 nocol'rlcp.
679 2493 871 2563 avulgusep.
944 2493 1046 2547 vocant
1064 2509 1091 2546 e:

72 2583 121 2638 dic
129 2599 161 2652 p.
234 2581 350 2636 tmirra
359 2598 390 2650 p,
412 2579 482 2635 mire
498 2599 520 2636 c.
593 2580 708 2636 candico
723 2598 745 2650 c,
764 2569 857 2650 iodfco
872 2597 902 2650 p.
975 2582 1092 2650 grauate

71 2656 140 2722 (sic)
159 2669 192 2722 cp
209 2653 242 2718 (ι’.
261 2669 281 2707 e.
300 2653 369 2708 mali
387 2652 512 2723 grenan,
530 2657 563 2706 ut
580 2652 679 2720 infra).
769 2651 863 2724 galles
883 2650 1032 2706 omiatidas
1050 2667 1091 2720 ap.

73 2733 91 2780 5
111 2723 198 2780 simoi
223 2723 340 2779 decocta
358 2726 387 2778 et
404 2723 472 2779 dale
489 2722 604 2794 potione
618 2740 655 2792 p,
678 2722 823 2792 sicoques
847 2725 877 2778 et
898 2722 928 2777 in
947 2722 1092 2791 potionem

72 2797 145 2852 daia
159 2811 181 2850 c.
255 2802 365 2850 esame
379 2793 482 2863 lecito,
501 2794 609 2849 sueino
622 2811 651 2862 p.
725 2797 848 2850 tetam.
859 2811 890 2864 p.
962 2795 1092 2848 flantem

72 2885 101 2923 c:
123 2883 190 2921 vero
206 2883 237 2935 p.
345 2865 455 2932 Mitem
478 2865 558 2932 infra
577 2870 692 2934 semper)
709 2864 896 2921 dissinteriam
914 2879 955 2935 cp.
1064 2866 1093 2918 et

73 2955 161 3008 super
179 2953 221 3008 cp.
296 2941 328 2992 10
347 2938 460 2992 exustas
479 2953 501 2993 c.
572 2935 675 2992 lcuiter
693 2951 734 3005 cp.
816 2943 848 2990 11
869 2941 951 2992 crocu
969 2951 995 3005 c,
1015 2941 1047 2991 cc
1061 2951 1092 3004 p.

75 3017 110 3063 12
131 3006 322 3078 picescicec.
395 3007 627 3077 13Vceom.p.
700 3022 985 3078 poscampuscesp.
1060 3011 1093 3060 14

73 3081 114 3135 ad
133 3078 321 3134 dissinteriam
335 3096 371 3149 p:
390 3094 441 3133 om.
460 3094 483 3133 e.
571 3079 619 3133 dia
633 3078 742 3132 sinfirus
751 3095 783 3147 p,
802 3077 945 3133 disnifitus
964 3092 985 3131 c.
1060 3081 1092 3130 15

74 3149 204 3220 superins
222 3165 283 3220 cap.
298 3154 344 3205 38.
418 3155 451 3204 16
466 3148 614 3219 diacorelss
627 3150 692 3205 odd.
701 3147 796 3219 pilum
814 3165 856 3218 ap.
929 3146 977 3201 dic
991 3147 1093 3203 electir'r

70 3239 108 3292 p,
132 3221 182 3275 <iia
204 3221 307 3276 eletin'a
329 3236 351 3276 c.
438 3227 471 3275 17
495 3219 525 3274 in
547 3219 692 3290 potionem
715 3219 814 3274 damus
837 3221 867 3274 et
889 3237 925 3274 m.
950 3235 973 3277 c.
1060 3223 1092 3272 18

74 3291 175 3363 scilian
192 3309 229 3362 p,
252 3289 338 3347 iricon
361 3307 376 3346 c
398 3287 521 3361 (σχιστόν
542 3291 637 3346 Diccc.
660 3296 695 3357 2,
719 3294 773 3360 77).
889 3295 922 3343 19
947 3288 1043 3345 sciton
1062 3307 1093 3358 p,

76 3363 176 3418 Siscon
199 3379 220 3418 c.
329 3363 374 3418 lac
392 3379 427 3431 p:
453 3363 496 3417 ile.
522 3377 545 3416 c.
651 3367 687 3415 20
709 3360 837 3416 fluviales
855 3375 891 3428 p:
918 3359 1047 3415 fluinales
1070 3375 1094 3415 c.

74 3434 184 3489 incensi
197 3451 233 3503 p:
251 3449 303 3489 om.
322 3451 344 3488 c.
417 3439 450 3488 21
471 3432 583 3488 ciliacoe
597 3449 624 3487 c:
644 3431 781 3502 quiliacos
793 3448 823 3501 p.
895 3431 913 3485 i.
933 3429 989 3484 illis
1008 3430 1056 3500 qui
1070 3445 1092 3502 p,

75 3505 95 3560 i.
114 3504 163 3574 qui
176 3522 207 3575 p.
281 3521 314 3559 ex
332 3519 382 3560 orn.
402 3521 424 3560 c.
504 3510 538 3558 εἳ
556 3503 574 3561 i.
593 3502 765 3558 ulceratione
784 3533 819 3542 -
838 3501 983 3571 caprinum
1001 3517 1052 3556 om.
1070 3517 1093 3556 c.
