2452 4014
514 219 752 282 -141-

119 363 292 444 paralyticis
307 365 438 446 noxium,
457 362 636 427 observabis.
664 364 806 425 solatione
831 383 901 426 vero
923 368 1027 448 uteris,
1049 385 1137 446 quam

120 451 231 512 eliosin
250 453 364 532 dicunt,
389 460 419 513 et
437 455 589 532 gymnasio
612 453 641 513 id
661 460 706 514 est
725 455 875 533 exercitio,
895 461 925 515 et
943 457 1137 536 sinapismum

120 548 155 602 et
178 540 336 620 dropacem
359 549 389 602 et
413 541 628 624 drimyiagiam‚
651 544 749 602 omnia
774 542 883 621 cyclico
907 543 994 604 modo
1018 544 1136 606 adhibe-

119 627 179 710 bis,
199 632 288 690 sicuti
307 632 445 710 superius
464 632 495 691 in
518 633 656 711 passione
670 632 775 711 capitis
789 630 955 692 scribentes
972 633 1136 694 docuimus

118 725 154 778 et
181 720 206 778 si
234 721 343 780 nimius
370 718 464 799 rubor
492 722 534 780 in'
550 719 633 780 vultu
661 721 845 801 apparuerit,
872 727 903 781 et
931 723 1162 801 purgatoriums

118 805 317 887 cholagogum
336 806 428 889 dabis,
448 809 473 868 si
492 815 590 869 tamen
610 808 711 869 senilis
726 816 806 869 aetas
820 810 940 870 minime
959 809 1151 889 impedierit.¹

437 966 492 1029 LV.
530 967 579 1028 nd
603 976 821 1047 quartanam.

212 1089 341 1170 Simplex
372 1099 515 1171 qerartana
542 1094 639 1171 typica
667 1093 852 1154 ordinatione
880 1096 975 1174 prima
1003 1093 1050 1154 die
1074 1110 1135 1153 mo·

118 1187 208 1240 vetur
227 1188 258 1240 et
280 1179 370 1240 biduo
394 1182 571 1260 interposito
596 1190 700 1260 quarta
723 1181 771 1242 die
790 1183 978 1244 reformatur.
1017 1184 1135 1242 sivero

118 1266 239 1329 duobus
267 1267 372 1329 diebus
400 1271 461 1348 typi
490 1269 614 1329 lormam
643 1269 821 1351 ostenderit,
848 1269 878 1332 id
906 1277 1009 1332 estut
1036 1272 1134 1349 ipsum
1150 1284 1175 1323 10

117 1355 246 1418 biduum
277 1356 371 1437 prlma
400 1357 447 1417 die
475 1376 543 1419 cum
571 1357 655 1418 lehre
684 1359 745 1418 sola
774 1359 920 1419 efficiatur
947 1366 978 1419 et
1005 1358 1136 1418 secunda

119 1445 170 1506 die
198 1453 265 1525 post
287 1447 513 1526 exagitationem
542 1447 661 1526 frigoris
685 1449 815 1508 accessio
840 1447 968 1508 febrium
987 1453 1135 1525 nascatur,

1 1547 2 1608 l
118 1541 154 1594 et
172 1553 229 1594 una
248 1534 294 1596 die
313 1537 488 1614 interposita
508 1542 614 1614 quarta
633 1535 680 1596 die
699 1537 892 1617 reformetur,
916 1535 1023 1616 duplex
1048 1552 1134 1615 quar-

1 1623 2 1636 *
118 1631 189 1684 tana
216 1623 391 1685 ostenditur.
433 1625 458 1684 si
485 1641 556 1684 vero
583 1642 638 1704 per
666 1627 764 1705 ipsum
791 1623 915 1686 biduum
944 1627 1022 1686 inter
1045 1624 1134 1685 lroras

118 1711 243 1772 diurnas
266 1719 297 1772 et
321 1720 482 1774 nocturnas
501 1715 590 1773 tertio
614 1716 815 1775 accessionem
834 1717 961 1794 typicam
985 1715 1134 1774 senserint
1149 1727 1174 1778 rt

1 1815 2 1884 j
118 1807 321 1879 aegrotantes,
350 1819 408 1861 una
436 1801 483 1861 die
507 1803 585 1863 sicut
608 1820 697 1882 supra
722 1803 782 1862 dixi
803 1802 930 1863 leviores
953 1800 1080 1861 habeant
1103 1808 1133 1860 et

117 1897 224 1970 quarta
247 1890 295 1951 die
319 1891 533 1964 reformentur,
560 1897 623 1950 tres
646 1897 807 1969 quartanae
831 1908 897 1951 esse
920 1889 1132 1970 significantur.

1 2015 2 2018 =
115 1984 152 2038 et
173 1979 306 2039 nascitur
329 1997 365 2039 ex
388 1977 600 2040 melancholico
625 1978 759 2040 humore.

208 2069 240 2128 in
258 2066 462 2128 curationibus
480 2085 551 2127 vero
575 2070 778 2147 quartanarios
798 2068 833 2129 ab
856 2070 921 2148 ipso
940 2069 1024 2128 initio
1045 2085 1131 2147 opor-

117 2163 165 2218 tet
187 2156 378 2217 mediocriter
397 2164 426 2218 ct
445 2158 514 2218 mile
534 2154 637 2218 haberi
655 2164 686 2219 et
705 2176 801 2237 neque
820 2160 864 2218 eis
883 2157 1131 2218 medicamentum
1145 2171 1171 2210 ao

192 2351 206 2400 1
227 2345 401 2401 solidatione
419 2362 460 2416 cp.
533 2351 549 2400 2
569 2345 706 2416 gimnasio
725 2347 771 2401 vel
789 2345 924 2401 exercitia
943 2361 969 2414 c,
988 2333 1088 2416 gigatis
1112 2343 1130 2398 i.

116 2416 260 2475 exercitiis
279 2434 310 2488 1).
400 2416 553 2488 sinapismo
576 2418 606 2472 et
628 2416 748 2486 dropace
767 2418 797 2472 et
818 2415 980 2485 drimilagia
992 2432 1023 2484 p.
1114 2420 1130 2467 3

1 2483 2 2504 ’
115 2497 166 2546 oia
186 2487 295 2544 cidiaca
312 2493 358 2542 md
375 2504 397 2556 c,
417 2494 465 2543 oia
483 2487 572 2542 cidico
591 2481 619 2542 ὧ
635 2489 737 2556 (moino
756 2491 820 2542 unte
837 2487 918 2555 corr.)
932 2503 962 2555 p.
1035 2488 1065 2541 et
1082 2485 1131 2540 ad-

115 2558 228 2616 hibebis
241 2575 273 2630 p.
363 2557 592 2614 ostentione.
682 2558 834 2613 scribentes
853 2573 903 2612 orn.
917 2573 949 2626 p.
1022 2556 1130 2612 deols-

1 2659 2 2702 i
116 2648 223 2704 gogum
232 2647 269 2699 p:
288 2631 468 2700 coagulatum
482 2646 503 2684 c.
577 2628 673 2684 senilis
683 2646 718 2698 p:
736 2629 844 2684 iuvenis
857 2644 879 2684 c.
953 2625 1131 2697 'lDeiipica

1 2731 2 2740 ¹
116 2701 285 2786 passionep
304 2701 359 2772 (Ad
381 2701 472 2770 tipum
497 2698 659 2769 quartinum
676 2701 717 2756 sic
733 2701 792 2756 iud.
807 2701 849 2770 p).
957 2697 1081 2768 Stipica
1094 2714 1130 2766 p:

115 2777 177 2845 tipo
192 2791 223 2844 p.
296 2772 416 2827 ubiduo
432 2771 526 2826 -die
545 2787 632 2828 om.e.
704 2771 766 2826 IIII.
781 2771 826 2826 die
836 2786 867 2841 p,
942 2775 975 2825 10
991 2769 1130 2839 (formem)
1174 2825 1179 2832 ,

114 2843 274 2902 ostenditur
290 2861 317 2911 e,
340 2843 465 2899 ostendit
487 2848 550 2898 aute
573 2858 642 2898 corr.
659 2860 687 2912 p.
796 2844 829 2896 nt
849 2841 943 2910 ipsum
962 2840 1080 2895 biduum
1094 2856 1129 2909 p:

114 2919 148 2972 nt
165 2933 185 2988 p
203 2919 263 2986 xpm
281 2913 389 2970 iudiciis
407 2930 428 2968 c.
503 2919 535 2968 12
555 2916 620 2983 post
633 2930 656 2970 e.
672 2914 705 2968 ir.
721 2930 748 2968 c:
768 2911 958 2983 exagitatione
976 2909 1089 2982 frigoris
1099 2927 1130 2979 p.

116 2994 150 3043 13
172 2989 202 3042 et
219 3003 275 3042 uns
293 2987 338 3040 die
357 2985 389 3054 (l.
404 2984 449 3039 die
463 2985 496 3054 p)
512 3013 545 3024 -
560 2986 616 3055 (16)
632 2987 792 3055 egrotantes
805 3001 856 3040 aaa.
871 3000 894 3038 c.
965 2983 1026 3039 llll.
1042 2982 1087 3036 die
1098 2998 1129 3050 p.

113 3061 160 3115 irio
176 3063 271 3115 uotum
288 3058 367 3112 babet
381 3062 416 3126 ρο
433 3058 466 3110 iu
483 3073 569 3126 marg.
588 3056 685 3124 „Idem
703 3055 733 3110 in
749 3053 974 3128 passi<onario>.
1012 3054 1046 3108 de
1059 3069 1130 3123 pery

1 3179 2 3188 ,
107 3128 304 3196 ‚febrsNam
323 3126 484 3182 cotidiani“.
574 3133 605 3182 ta
625 3127 770 3181 diuturnas
785 3143 816 3196 p.
898 3123 1051 3206 senseritp
1070 3124 1130 3194 (ubi

113 3203 216 3258 iterum
229 3206 265 3270 ρο
287 3201 319 3253 iu
340 3215 426 3268 marg.
450 3198 545 3267 „litem
567 3201 645 3268 ipa·
664 3228 698 3238 —
717 3199 735 3252 i.
755 3215 775 3252 c.
798 3197 829 3252 in
850 3195 1022 3267 passionario
1042 3225 1075 3234 —
1095 3194 1129 3248 de

113 3273 216 3330 eodem
235 3288 258 3326 c.
279 3268 333 3336 Qui
350 3271 455 3339 rero“).
529 3275 562 3324 16
581 3285 637 3324 une
656 3269 700 3324 die
719 3285 745 3337 c,
764 3268 786 3324 I.
806 3267 851 3323 die
865 3284 895 3336 p.
968 3264 1087 3320 diximus
1106 3280 1128 3320 e.

114 3343 223 3400 leviore
241 3359 270 3410 e,
288 3341 409 3396 leniores
423 3357 453 3410 p.
546 3346 578 3395 l‘l
596 3339 762 3394 reformetur
775 3355 811 3408 p,
836 3337 964 3392 -matur
981 3354 1034 3418 c..
1096 3341 1128 3390 19

115 3415 328 3485 quartaniornm
341 3429 373 3481 p.
481 3412 516 3478 cs.
536 3411 632 3466 Galen.
653 3411 717 3479 XI,
740 3415 777 3466 37
795 3426 832 3480 eq.
941 3414 976 3462 20
996 3407 1077 3460 mitte
1096 3422 1129 3475 cp

114 3485 197 3556 (mite
210 3487 264 3554 ρο).
