2510 4020
461 246 681 311 „27-

154 392 179 451 si
207 408 277 451 vero
304 389 414 452 videris
441 391 562 452 minime
589 407 678 470 posse
707 392 819 472 spargi,
850 392 903 454 sed
927 395 1019 472 magis
1042 393 1078 454 ad

72 479 254 540 nutriendam
276 481 388 540 saniem
411 477 574 553 declinare,
603 478 810 559 cataplasmate
838 483 932 541 uteris
961 500 997 542 ex
1027 484 1078 544 tri·

72 570 142 628 ticeo
165 568 275 648 polline
298 575 330 628 et
350 569 449 628 resina
473 566 665 649 terebintina,
694 567 773 647 quod
797 571 936 648 superius
960 569 996 630 ad
1018 587 1078 632 ma·

72 657 205 718 turandas
241 655 391 735 parotidas
426 657 663 718 memoravimus.
712 665 743 717 et
775 664 932 737 postquam
969 657 1079 718 videris

72 744 270 808 collectionem
288 743 365 806 bene
384 745 477 808 fuisse
496 752 673 806 maturatam
691 753 722 806 et
740 747 819 806 sicut
836 743 1106 827 Hippocrates⁵

72 836 98 896 iu
119 835 309 914 prognostico
333 833 405 894 dicit
427 835 458 918 ip
477 840 598 895 acutum
617 833 792 914 deductam,
814 833 966 913 chirurgia
984 837 1078 896 uteris

71 922 121 982 hoc
136 923 232 984 modo.
269 922 365 1002 pridie
389 921 539 1002 chirurgia
562 921 728 984 curandum
746 940 763 982 a
781 940 855 984 cena
874 932 904 985 et
922 925 990 985 vino
1013 923 1078 984 abs-

71 1009 184 1094 tinebis,
215 1018 246 1071 et
272 1009 443 1072 lucescente
471 1010 519 1072 die
550 1011 676 1091 simplici
704 1013 895 1073 consectione
919 1011 1078 1074 divisurum

70 1098 158 1160 debis:
181 1117 251 1160 nam
270 1098 375 1160 Graeci
393 1098 480 1180 apleu
499 1099 629 1160 dieresin
648 1107 762 1160 vocant.
800 1106 831 1160 et
850 1118 918 1161 cum
937 1101 1079 1162 saniolam

71 1186 211 1270 effuderis,
234 1207 271 1248 ax
288 1195 415 1268 utraque
435 1190 577 1250 sectionis
595 1195 679 1268 perte
694 1187 877 1250 sufficientes
895 1182 1076 1271 patientissi
1093 1204 1120 1245 ro

71 1277 193 1358 auferes,
221 1285 257 1338 ut
283 1278 314 1337 in
343 1276 567 1338 similitudinem
594 1275 658 1338 iolii
684 1277 760 1337 lauri
788 1284 840 1338 aut
866 1284 980 1357 myrtae
1008 1280 1112 1344 arti-n.
1127 1291 1167 1333 ne

71 1363 130 1425 ticio
156 1383 270 1426 manus·
291 1365 429 1445 designes
457 1367 629 1426 sectionem.
673 1364 726 1426 ubi
749 1382 819 1426 vero
843 1364 976 1427 membra
999 1384 1078 1426 com·

71 1452 164 1531 plicari
186 1453 314 1535 videris,
337 1462 371 1515 ut
394 1453 521 1535 exempli
544 1470 634 1515 causa
655 1462 725 1534 post
747 1471 850 1514 aurem
876 1452 922 1514 vel
945 1453 1002 1515 sub
1026 1453 1078 1535 als,

70 1542 223 1604 incisuram
242 1543 342 1623 iacies,
361 1542 417 1602 hoc
437 1550 484 1604 est
502 1541 660 1604 rotundam
680 1560 768 1622 mam
787 1540 893 1603 Graeci
915 1543 1078 1622 strongylo-

71 1632 171 1692 tomian
203 1639 321 1693 vocant.
355 1638 448 1696 ¹tunc
479 1633 567 1692 siccis
597 1640 627 1693 et
654 1633 838 1693 tenuissimis
866 1630 1019 1693 lemniscis
1049 1639 1079 1694 et
1093 1646 1119 1687 rs

71 1717 169 1780 tiltario
191 1719 294 1782 locum
322 1719 461 1800 calcabis,
490 1729 521 1781 et
548 1721 677 1800 desuper
696 1719 808 1800 duplici
830 1727 979 1800 ptygmate
1003 1738 1078 1799 aqua

72 1806 166 1883 in'gida
192 1809 241 1869 vel
267 1825 357 1888 posca
384 1809 483 1870 inluso
511 1811 666 1889 cooperies
694 1816 725 1869 et
752 1807 850 1870 addita
878 1811 1002 1888 spongia
1024 1808 1077 1870 hu·
1153 1857 1157 1863 .

72 1905 187 1958 mectata
204 1896 320 1977 ligabis.
357 1895 410 1957 sed
429 1899 454 1956 si
477 1897 555 1958 forte
574 1913 662 1966 causa
681 1895 778 1976 aliqua
797 1914 870 1957 vena
889 1898 1016 1957 sectioni
1034 1899 1078 1956 in-

72 1988 191 2047 currerit
219 1994 250 2047 et
280 1987 399 2065 sanguis
431 1983 575 2047 abstineri
601 1987 724 2046 minime
754 1987 900 2066 potuerit,
932 1983 1078 2046 chalciten

72 2071 188 2136 crudum
216 2082 248 2136 et
274 2076 379 2136 tritum
406 2091 538 2153 appones
566 2081 602 2134 et·
622 2073 688 2135 tillo
715 2073 815 2135 locum
843 2072 970 2135 calcabis
993 2082 1023 2134 et
1045 2075 1078 2135 li·
1092 2091 1119 2130 so

135 2304 235 2354 ivero
254 2315 304 2356 om.
323 2315 346 2352 e.
417 2297 626 2367 iceteplasmo
643 2315 661 2368 9
680 2299 803 2365 (—-meie
821 2300 873 2368 cp).
965 2297 1077 2354 triticeo

70 2381 112 2434 pp:
131 2386 197 2424 -co
216 2385 239 2424 c.
344 2375 359 2422 3
378 2368 555 2424 terebentina
571 2385 613 2438 pe,
631 2369 792 2424 terbenbine
805 2386 836 2438 p.
938 2370 1014 2440 quod
1032 2387 1077 2440 cpe

71 2451 146 2502 quem
164 2441 213 2508 (cf.
233 2441 270 2496 ad
287 2457 312 2497 u.
331 2442 363 2507 2)
382 2456 408 2509 9.
497 2439 702 2510 maturandae
721 2439 818 2509 i-dae
836 2444 888 2509 cp).
974 2447 1078 2511 lippo-

71 2510 151 2564 craies
168 2527 210 2582 pc,
228 2527 346 2581 ypocras
360 2527 391 2579 p.
501 2517 517 2565 6
535 2510 715 2580 prognostico
733 2527 764 2579 ps
782 2512 950 2578 pronosiieis
968 2527 995 2581 c,
1014 2529 1077 2582 pro-

71 2580 153 2636 nosiii
163 2599 194 2652 p.
227 2603 236 2617 =
268 2582 390 2638 deducis
408 2582 472 2649 (oie)
490 2596 531 2651 pc,
550 2581 637 2636 ductui
650 2597 681 2650 p.
755 2586 771 2634 6
796 2582 868 2649 (etc.)
887 2580 1030 2651 chirurgia
1047 2599 1077 2652 p:

71 2647 184 2722 cirurgis
202 2670 244 2722 cp.
336 2658 353 2707 8
372 2653 550 2708 consentione
564 2666 623 2721 epo:
643 2650 816 2707 correctione
833 2668 860 2721 9,
879 2653 1036 2708 conectione
1056 2672 1077 2721 c,

72 2723 237 2792 correptione
250 2741 281 2794 p.
372 2723 482 2778 9Nem
496 2740 545 2793 po:
568 2737 654 2792 quem
666 2740 697 2792 p.
789 2722 876 2791 splen
894 2721 1015 2779 dieresin
1032 2741 1077 2794 99,

72 2791 205 2858 apellandi
223 2795 322 2850 cresim
341 2789 544 2865 ambitiosorum
563 2793 626 2849 Get.
646 2793 736 2860 XIV,
755 2795 829 2863 781).
958 2801 989 2850 11
1010 2795 1077 2850 arti-

72 2859 140 2918 ficio:
157 2865 267 2922 artificia
285 2872 316 2936 9ο
335 2865 427 2937 (—ciu'u
444 2869 514 2935 pop).
622 2883 659 2920 m.
684 2862 814 2934 designes
836 2865 960 2920 sectione
981 2883 1013 2936 9,
1040 2885 1077 2922 m.

73 2932 185 2991 teodone
208 2935 337 3006 designes
360 2953 387 3003 c,
411 2955 447 2992 m.
470 2935 573 2992 ifrisico
597 2936 727 3005 designes
745 2952 776 3004 p.
887 2943 920 2992 14
945 2937 1016 2992 fecis
1032 2953 1078 3008 pp,

72 2999 132 3059 faut
149 3022 170 3062 c.
279 3007 544 3078 sirongilocdomian
561 3024 592 3077 9,
616 3005 861 3076 sirongiloiomien
879 3014 915 3077 p⁰
940 3009 997 3077 (sed
1015 3014 1079 3064 aute

73 3087 133 3130 vorr-
155 3076 457 3150 sbrongiqueloiomian
475 3080 521 3148 p),
547 3077 724 3149 scrogdnmie
747 3095 769 3134 c.
879 3084 912 3133 15
932 3079 1010 3133 Tunc
1027 3095 1077 3148 pp:

73 3139 145 3202 Nunc
162 3167 184 3205 e.
279 3156 312 3206 16
330 3149 422 3219 tiginc
440 3152 463 3219 (t
481 3151 514 3204 in
530 3165 585 3204 ras.
605 3151 687 3216 corr.)
705 3165 730 3218 9,
749 3148 868 3219 sigmate
882 3166 914 3220 p,
932 3149 1037 3219 stigma
1055 3167 1077 3206 c.

75 3218 102 3268 ll
119 3217 209 3276 infusa
226 3237 286 3294 pcp.
355 3220 501 3290 ,cooperies
515 3237 549 3290 ps
570 3220 696 3290 cooperis
713 3237 740 3290 9,
759 3220 851 3290 operis
869 3237 891 3275 c.
980 3220 1078 3275 addite

74 3297 116 3366 ⁰⁹²3.
130 3305 159 3358 p.
230 3292 406 3347 humeciebis
424 3295 454 3346 ct
472 3290 575 3361 ligsbis
589 3308 610 3346 c.
685 3296 717 3346 18
733 3307 817 3346 causo
834 3307 865 3360 9:
885 3308 951 3346 cusu
970 3307 1003 3361 cp
1022 3293 1079 3358 (scd

74 3354 159 3425 ahqnc
171 3363 241 3433 pcp).
314 3362 444 3418 sectioni:
463 3361 586 3418 sectione
599 3378 641 3432 pc,
659 3377 709 3416 om.
719 3379 750 3431 p.
825 3367 857 3416 19
876 3360 1013 3417 abstineri
1031 3379 1077 3431 ep:

75 3445 132 3551 ξιξ-θ
148 3447 173 3500 9.
258 3433 363 3504 poterii
375 3450 406 3503 p.
489 3431 610 3488 celciton
628 3448 688 3502 pcp.
770 3438 805 3488 20
824 3433 905 3488 tilius
918 3449 948 3502 9,
968 3431 1036 3487 ulau
1054 3448 1077 3500 c,

114 3517 173 3571 up.
