2510 4020
568 230 782 296 ..64-

254 379 286 438 in
314 374 518 438 curationibus
545 393 617 436 vern
645 377 672 438 si
699 375 809 436 nimius
837 375 929 436 inerit
956 374 1040 436 dolor
1062 382 1174 454 praeter

165 465 356 547 putredinem
389 467 587 546 gingivarum,
619 471 739 544 oportet
773 463 898 526 sacculis
928 463 998 526 salis
1028 464 1176 526 torrefacti

166 555 231 618 loca
258 573 333 634 quae
363 553 480 616 dolores
507 555 662 633 patiuntur
688 554 876 616 extrinsecus
898 570 1050 634 vaporare.
1094 555 1176 616 etiem

167 655 197 708 et
220 643 504 725 apessegmatismum
525 643 760 704 masticaterium
778 649 897 722 oportet
920 641 1070 723 adhihere,
1094 659 1176 722 quem

140 734 272 796 cGraeci
299 748 491 795 mesomencn
518 739 638 807 vocant,
670 739 702 793 et
728 731 885 794 coniicitur
901 733 970 804 sic:
1002 731 1176 812 staflsngriae

167 830 198 885 ct
224 823 363 885 mastices
386 827 416 882 et
442 822 568 902 pyretri,
599 821 731 882 omnium
760 821 851 881 trium
877 822 961 900 paria
987 819 1121 900 pondera
1150 821 1177 880 in

166 929 227 974 rrnc
255 909 412 990 diligenter
445 908 626 991 contundes,
654 927 739 972 cerae
772 908 922 971 modicum
950 908 1127 972 admiscebis
1151 916 1177 968 et

167 998 280 1062 rotulas
307 998 415 1080 finges,
444 1015 517 1076 quas
546 997 652 1060 Graeci
679 999 824 1060 trociscos
852 1005 966 1060 vocant.
1010 1016 1048 1060 ex
1076 997 1177 1078 quibus

167 1085 365 1150 masticandus
389 1085 486 1169 dahis,
509 1094 540 1148 et
562 1086 703 1148 inclinato
728 1089 824 1166 capite
847 1085 1004 1148 humorem
1022 1087 1177 1150 decurrere

130 1193 156 1234 m
169 1177 309 1239 dimittes.

257 1263 336 1327 aliud
364 1262 401 1325 ad
429 1263 527 1326 dentis
555 1264 687 1347 dolores,
714 1263 859 1343 enchyma
885 1263 916 1324 id
946 1271 993 1326 est
1020 1265 1178 1328 iniusicin

168 1372 264 1417 nares.
300 1353 401 1435 hetae,
429 1361 459 1414 et
482 1352 588 1416 melius
612 1355 751 1434 agrestis,
778 1352 888 1417 radicis
911 1371 984 1416 succ
1006 1356 1040 1416 in
1063 1353 1178 1416 naribus

168 1445 263 1524 ipsius
291 1445 384 1524 partis
412 1441 540 1504 dolentis
567 1443 666 1504 infuso
690 1441 809 1507 dolores
834 1442 968 1505 dentium
992 1442 1100 1506 solves.
1134 1441 1178 1504 cb·

71 1545 76 1559 ·
169 1531 347 1594 servandum
374 1539 530 1611 praeterea
557 1530 593 1592 ab
622 1530 760 1593 omnibus
788 1530 912 1610 frigidis.
954 1549 1023 1593 nam
1053 1531 1178 1613 Hippo·

130 1636 155 1678 m
170 1628 289 1681 crates
311 1623 343 1681 in
367 1619 515 1680 aierismis
538 1621 582 1681 sie
605 1622 659 1701 ait,
682 1637 770 1680 omne
793 1619 934 1700 trigidum
955 1619 1099 1683 dentibus
1121 1638 1179 1682 esse

169 1708 277 1770 hostile
304 1711 365 1770 sive
392 1709 560 1790 inimicum,
593 1707 673 1788 quod
706 1716 805 1770 autem
839 1707 968 1770 calidum
995 1703 1126 1774 amicum
1155 1716 1180 1770 ct

170 1796 353 1860 delectabile.
900 1826 902 1831 .

259 1887 385 1967 sysicum
418 1885 455 1948 ad
490 1886 624 1950 dolorem
654 1885 761 1969 malae,
793 1885 829 1947 de
862 1883 1071 1948 Vindiciani
1104 1885 1180 1948 diri
1230 1938 1231 1941 ,

241 2115 257 2163 2
276 2110 386 2164 saculos
404 2111 469 2179 (aie)
487 2111 554 2166 sniis
572 2127 598 2166 e:
618 2111 684 2167 solis
701 2111 765 2178 (eie)
785 2110 904 2166 sacculis
918 2127 950 2181 p.
1027 2117 1046 2166 4
1066 2112 1181 2183 apodeg-

170 2180 359 2236 maturrimum
372 2198 402 2250 p.
483 2198 579 2250 quem:
598 2182 673 2252 quod
691 2199 724 2252 cp
745 2183 792 2250 (ef.
814 2181 865 2238 Tu.
885 2182 976 2238 Prisc.
995 2189 1022 2250 1,
1041 2189 1099 2253 14).
1168 2188 1180 2238 d

170 2255 314 2307 musumefi
323 2268 354 2322 p,
373 2257 484 2308 mesum
497 2269 520 2308 c.
593 2257 717 2310 setam.
728 2271 750 2324 p
769 2254 846 2322 (dia).
920 2252 1038 2310 mastica
1053 2273 1077 2326 e,
1097 2263 1146 2313 -d
1155 2273 1181 2326 p.

170 2323 270 2394 piretri
287 2338 329 2392 ep.
390 2323 544 2379 'omnium
566 2324 651 2380 trium
675 2342 703 2381 e:
728 2341 777 2380 orn.
793 2341 823 2394 p.
914 2325 1042 2394 pondere
1065 2345 1128 2383 cere
1150 2345 1182 2381 m.

171 2393 308 2449 admisces
327 2396 356 2450 et
377 2394 407 2448 in
430 2395 496 2452 vinc
520 2395 670 2466 diiigenter
692 2395 815 2451 contusis
839 2395 889 2464 (sic
912 2411 939 2463 e,
968 2398 1128 2466 commiscis
1148 2400 1182 2468 ρ).

170 2482 278 2538 rotulas
296 2481 376 2554 frigis
394 2483 447 2550 (sie
462 2499 496 2552 p,
515 2482 639 2554 singulas
657 2487 682 2553 e)
701 2491 785 2555 quas.¹
816 2486 860 2555 (qs
903 2469 961 2557 ,ᾧ
975 2487 1021 2556 12⁰)
1041 2504 1083 2560 cp.
1121 2502 1183 2560 quaa

170 2555 266 2610 ordine
284 2555 390 2611 inverso
409 2555 524 2610 correxi.
610 2560 627 2609 8
645 2557 752 2612 rotula
770 2572 816 2626 cp:
839 2501 917 2612 -fcs
942 2559 1017 2613 Petr.
1110 2576 1144 2616 ex
1160 2577 1183 2630 q.

169 2625 377 2682 masticandum
396 2642 424 2698 e,
449 2626 535 2681 -dus
559 2626 649 2696 (d⁹)p
672 2627 719 2697 (ad
742 2627 948 2684 masticandum
972 2629 1068 2700 Pete).
1154 2635 1183 2684 10

171 2696 291 2752 dimittis
310 2713 350 2766 ep.
439 2702 471 2750 11
492 2697 569 2752 sdiud
587 2695 668 2769 (πρὸς
687 2693 898 2768 ὀδονταλγίαν)ι
919 2702 970 2756 hoc
987 2699 1135 2771 Apollonii
1151 2705 1184 2756 eti

170 2771 215 2834 (erc
238 2783 330 2837 erepor.
354 2785 399 2838 ap.
424 2767 488 2823 Gal.
515 2768 601 2838 XII,
630 2773 694 2825 865.
739 2770 775 2836 cf.
801 2767 895 2838 XIV,
919 2775 995 2828 356.
1104 2771 1185 2828 Aliud
1230 2820 1231 2823 ,

171 2837 264 2894 dentis
283 2839 378 2899 dolore
398 2838 512 2894 endime
530 2857 557 2910 e,
582 2839 667 2895 Aliud
691 2840 729 2896 ad
751 2841 878 2912 dentium
896 2844 942 2899 vel
965 2775 1056 2899 genus
1078 2845 1183 2902 dolores
1229 2871 1230 2874 ¹

173 2915 296 2996 {inclima
314 2943 345 2996 p.
456 2933 487 2982 12
511 2946 605 2997 nares:
633 2929 708 2986 nasis
731 2947 759 3002 e,
786 2921 941 3002 naribusp
963 2931 1074 2999 (Simon
1099 2949 1120 2992 s.
1143 2936 1184 3001 aa).

171 2999 267 3054 betae:
287 2992 358 3052 Beta
377 3015 401 3070 e,
418 2999 487 3054 hece
500 3017 532 3071 p.
606 3018 702 3056 sucum
722 3003 761 3072 (ir)
778 3044 784 3057 .
800 3044 805 3058 .
822 3042 827 3056 .
843 3001 967 3060 infusum
985 3019 1026 3074 cp.
1118 3002 1185 3060 nari·

171 3071 223 3125 bus
241 3084 268 3124 e:
286 3085 368 3125 neres
382 3083 414 3140 p.
489 3078 522 3126 13
538 3072 628 3142 solues
647 3067 774 3144 (tricarem
795 3074 886 3130 solvet
903 3077 926 3141 e,
946 3075 1023 3140 -rit
1036 3092 1067 3145 p.
1142 3075 1184 3130 on

172 3140 340 3198 servandum
368 3147 428 3223 922⁰:
461 3143 534 3200 -do
567 3149 631 3200 arde
662 3161 731 3201 corr.
760 3161 790 3214 p.
919 3151 952 3210 14
980 3149 1130 3216 ypocretss
1158 3144 1184 3200 iu

172 3228 339 3300 aphorismis
357 3228 393 3298 (ii
407 3231 472 3288 add.
486 3234 520 3304 p)
540 3249 582 3304 cp.
618 3234 721 3290 citamar
738 3233 864 3290 similiter
882 3251 902 3289 c
921 3232 972 3290 Tu.
989 3234 1080 3292 Pts'cc.
1100 3237 1184 3304 1,1u.

174 3307 206 3356 15
226 3317 287 3356 esse
305 3301 435 3358 dentibus
452 3321 480 3375 p.
555 3351 558 3360 ,
591 3312 624 3360 16
642 3305 746 3361 hostiis
764 3305 823 3360 sive
841 3320 867 3360 e:
889 3321 939 3360 orn.
954 3321 985 3375 p.
1095 3309 1126 3362 et
1142 3305 1184 3359 dc·

165 3371 303 3428 ⁴lectsnbila
322 3388 348 3428 c:
367 3388 417 3430 om.
434 3392 463 3446 p.
538 3383 571 3433 18
589 3377 698 3432 fisicum
717 3393 749 3446 cp
767 3377 842 3454 (item
860 3377 962 3444 safres·
1050 3378 1128 3434 moia
1146 3391 1183 3446 cp.

164 3444 329 3496 2deumdrmsnr
356 3446 401 3487 ein
