2510 4020
482 257 701 322 ..23-

386 469 459 532 xvi.
495 471 544 532 Ad
566 474 800 553 pruriginem.

174 597 361 676 Pruriginem
389 612 508 657 omnem
536 595 641 658 Graeci
668 614 850 658 cnesmonen
882 606 996 660 vocant.
1048 618 1098 662 na·

29 755 30 760 1
91 689 180 749 scitur
202 704 239 746 ex
261 683 399 746 acredine
422 685 591 746 humorum.
627 693 785 766 propterea
808 685 853 747 lac
874 687 1022 748 asininum
1045 705 1099 750 seu

91 775 206 837 ovillum
232 776 333 836 ieiuno
359 775 445 854 potui
472 772 557 834 dabis
584 792 653 835 cum
680 774 775 835 melle.
817 777 905 836 etiam
929 782 959 835 et
989 794 1098 857 sapone

90 866 119 926 in
147 862 253 925 balneo
285 863 393 943 uteris,
423 865 510 923 curius
538 863 686 924 confectio
720 862 787 923 talis
818 871 872 924 est.
923 865 1007 945 nitri,
1039 865 1126 927 sul-⁶

90 953 189 1034 pluris
225 952 298 1032 vivi,
334 968 445 1012 nucum
482 951 646 1033 aridarum,
682 951 776 1032 adipis
814 954 944 1032 porcini,
981 957 1100 1034 saponis

90 1041 194 1123 gallici,
231 1041 291 1120 apii
329 1038 432 1100 viridis
464 1037 603 1101 loliorum
633 1043 716 1121 paria
748 1040 894 1121 pondera:
932 1042 1023 1104 iacies
1055 1061 1100 1105 sa·

90 1149 194 1210 ponem
217 1137 248 1190 et
270 1129 365 1190 uteris
386 1130 418 1189 in
440 1126 556 1189 lavacro
579 1129 714 1190 ferventi.

172 1217 252 1280 aliud
285 1216 321 1277 ad
352 1217 503 1297 pruritum
536 1219 629 1278 totius
665 1220 808 1299 corporis.
859 1236 949 1299 cepae
986 1220 1099 1304 sardae,

91 1316 183 1369 cretae
207 1305 358 1388 cimoliae,
387 1305 502 1367 laecum
526 1308 587 1367 vini
614 1314 800 1386 exustarum,
829 1307 1010 1387 myrobalani
1037 1311 1140 1389 pie-10

36 1447 37 1454 ,
91 1403 195 1457 smatos
223 1394 324 1456 idest
351 1397 566 1476 expressions,
593 1397 726 1455 omnium
758 1397 926 1475 specierum
959 1405 1100 1478 quattuor

90 1487 165 1564 paria
187 1483 322 1564 pondera
345 1482 552 1544 commiscebis
575 1490 605 1544 et
632 1485 735 1544 uteris.

172 1571 253 1634 aliud
272 1571 308 1632 ad
328 1573 483 1633 universos
502 1574 645 1652 pruritus.
678 1573 788 1633 sivero
803 1573 953 1634 ferventes
974 1573 1099 1655 papulae

88 1668 299 1742 prorumpunt,
331 1659 414 1720 fabae
445 1660 579 1742 pollinis,
612 1659 787 1743 [ptisanae]‚
820 1661 959 1743 polygoni
989 1661 1100 1723 herbae

89 1748 191 1812 radicis
215 1749 313 1810 sicem
336 1756 434 1830 tusae,
462 1756 561 1810 cretae
585 1749 719 1812 cimoliae
746 1751 939 1831 tumefactae,
967 1753 1100 1812 omnium
1114 1762 1141 1804 1⁵

28 1901 29 1908 χ
89 1842 253 1918 specierum
280 1835 336 1898 llll
363 1851 398 1901 ÷
420 1836 519 1920 binas,
550 1837 687 1899 afronitri
714 1841 791 1899 turis
818 1839 941 1900 masculi
969 1839 1100 1918 singulas

89 1940 120 1987 ÷
142 1928 283 1990 conficies
306 1934 336 1987 et
359 1927 454 1988 uteris
477 1929 508 1988 in
531 1925 645 1988 balneo.
683 1929 811 2007 accipies
830 1945 866 1987 ex
889 1929 954 2007 ipso
978 1927 1099 2008 pulvere

89 2017 285 2079 sufficientem
311 2016 433 2077 modum
456 2022 487 2076 et
509 2033 546 2077 ex
568 2017 615 2077 ovi
638 2014 739 2077 albore
762 2034 958 2097 conspersum
980 2019 1100 2098 corpori

154 2313 195 2368 tit.
226 2310 272 2365 Ad
296 2325 324 2365 er
352 2309 457 2366 Contra
486 2327 518 2381 p.
624 2315 640 2364 2
666 2326 791 2366 omnem:
820 2326 915 2366 omnes
943 2327 969 2378 c,
995 2327 1045 2366 orn.
1068 2329 1099 2382 p.

88 2398 266 2438 cncsmonene
285 2382 501 2437 henermoccam
515 2399 538 2450 c,
551 2381 759 2451 henesionemp
772 2381 847 2448 (fort
862 2397 896 2437 ec
908 2381 1100 2452 knesmonen).

88 2459 170 2510 areu
187 2471 215 2509 c:
236 2452 294 2508 sive
308 2469 339 2522 p.
425 2452 579 2508 40villum
598 2469 624 2508 c:
643 2452 758 2508 ovinum
771 2468 802 2521 p.
874 2451 968 2507 ieiuno
987 2453 1101 2522 potabis

88 2525 145 2595 (sic)
163 2541 230 2580 cum
247 2523 331 2578 melle
350 2539 378 2579 c:
401 2541 465 2579 cnm
484 2524 569 2580 melle
587 2523 682 2578 ieiuno
700 2522 856 2592 potandum
874 2521 955 2576 dabis
968 2539 999 2592 p.
1072 2527 1102 2579 et

88 2611 134 2718 Ἅι.
149 2611 180 2666 p.
282 2601 401 2678 opacas
418 2593 548 2720 reappdes
566 2595 635 2649 dicit
659 2595 720 2678 (tobi
736 2592 889 2720 spdpmffs.
910 2592 989 2648 Plias.
1008 2595 1029 2661 s.
1049 2593 1102 2650 78(Ι

172 2665 657 2808 reaccensae}
676 2665 732 2792 a
752 2703 814 2792 a„
831 2664 1100 2806 croceam

87 2808 158 2863 terre
168 2825 199 2878 p.
274 2812 308 2863 10
317 2807 423 2862 crelaee
436 2810 496 2863 tere
511 2825 533 2877 c,
546 2810 621 2863 terre
630 2823 661 2876 p.
738 2805 873 2877 quimolie
887 2822 910 2874 c,
924 2806 1059 2876 quimulie
1068 2825 1099 2878 p.

37 2905 41 2914 ·
88 2875 177 2934 lecum
199 2919 206 2932 .
228 2922 234 2934 .
253 2879 414 2934 mmmm
437 2895 464 2934 c:
492 2878 562 2934 fecis
580 2920 587 2932 .
607 2923 615 2936 .
634 2880 731 2934 exuste
748 2895 779 2948 p.
883 2877 1051 2934 mirobelaui
1078 2896 1102 2949 c,

88 2948 183 3005 mirob'
198 2967 230 3020 p.
334 2954 367 3003 11
387 2949 513 3005 omnium
531 2967 558 3006 cr
580 2951 682 3005 harum
700 2965 731 3019 p.
840 2953 873 3002 la
892 2950 1055 3004 commisces
1070 2965 1101 3020 p,

90 3020 160 3075 -cis
179 3038 203 3076 c.
294 3025 399 3076 14-16
417 3020 483 3076 fabe
500 3021 622 3092 pollines
639 3019 777 3091 poligomi
798 3019 885 3076 herbe
902 3020 1010 3076 radicas
1028 3021 1101 3077 sicce

89 3092 117 3144 et
141 3093 206 3146 tuse
234 3093 264 3146 et
288 3091 364 3146 crete
389 3093 420 3146 et
445 3095 505 3147 tere
530 3091 665 3162 quimolie
691 3094 752 3147 iere
779 3089 854 3146 facte
878 3082 936 3146 can
954 3091 1102 3162 (omnium)

88 3162 241 3288 attila
254 3161 474 3290 fflail'lii
490 3179 526 3289 it
541 3158 966 3304 tutati-“talliae
989 3161 1102 3288 iffi

89 3304 212 3360 omnium
229 3307 256 3372 ἢ
274 3306 307 3360 IL
322 3322 353 3376 p.
446 3309 479 3360 lo
503 3305 610 3362 affcitn'
627 3322 663 3375 p,
685 3303 802 3360 aiomcii
820 3319 842 3360 c.
922 3302 1056 3373 'singulas
1073 3321 1100 3359 c:

89 3378 131 3428 an.
149 3378 177 3442 ἢ
195 3375 216 3429 Ι.
231 3393 262 3445 p.
354 3381 387 3438 1⁷
407 3375 519 3432 conficis
537 3393 578 3446 cp.
657 3376 802 3445 pulverem
820 3373 994 3430 reficientem
1012 3374 1101 3431 modi·

90 3459 151 3500 cum
164 3462 195 3514 p.
288 3453 321 3503 18
344 3447 391 3502 ovi
414 3462 464 3503 orn.
483 3463 515 3516 p.
604 3461 785 3516 conspersum
802 3445 913 3516 corpori
930 3444 996 3500 linis
1020 3463 1046 3514 c,
1072 3447 1103 3500 et

90 3529 216 3583 sparsum
233 3519 258 3586 (g
277 3516 348 3588 spru)
372 3534 472 3587 corpur
495 3517 583 3574 illinis
602 3533 633 3586 p.
