2452 4014
448 244 663 310 ..gp-

57 407 121 450 rero
144 389 305 450 curationis
328 395 449 468 oportet
470 388 669 470 leptospathio
692 390 872 453 ferramento
896 391 998 454 licinio
1016 395 1065 462 ,iu-

56 477 148 539 voluto
176 483 207 538 et
234 485 313 538 moto
342 476 408 539 tilto
435 477 543 539 blande
570 478 690 541 desecte
722 473 892 560 detergere,
926 487 957 542 ct
985 489 1065 562 post·

56 584 136 645 quam
160 565 335 647 deterseris,
362 567 465 628 vinum
493 566 667 630 calefactum
690 568 879 630 colluendum
910 568 1006 651 dabis,
1034 571 1065 631 in

56 673 107 733 quo
135 662 204 716 ante
231 655 323 716 luerit
350 654 473 728 decocta
500 663 596 736 myrto
623 659 702 718 sicca
729 657 868 719 lenticula
897 675 965 720 rosa
997 657 1065 720 ruhi

55 745 182 804 teriones
209 743 332 824 virides,
362 751 393 804 et
419 746 451 806 in
481 746 546 825 ipsa
577 745 752 808 decoctione
787 746 937 808 modicum
970 746 1092 808 mellis⁵

55 831 214 912 despumati
241 831 431 913 admixtum,
451 833 531 911 quod
557 837 653 914 possit
679 835 869 915 putredinem
902 834 1064 914 plurimum

54 920 233 982 invadentem
262 938 322 982 non
350 920 447 982 solum
474 929 579 984 tenere
607 941 711 986 verum
740 926 829 986 etiam
851 941 990 1004 purgare.
1034 931 1065 986 et

53 1018 114 1088 post
131 1009 323 1071 colluticnem
346 1009 506 1072 adhibitam
530 1011 577 1072 dia
600 1012 706 1074 chartu
729 1015 842 1075 siccum
864 1012 1064 1074 medicamen-

54 1106 109 1158 tum
132 1115 264 1179 appcnes
287 1097 394 1159 diebus
417 1098 588 1182 aliquantis,
611 1101 706 1162 donec
724 1101 852 1182 putredo
877 1103 1063 1180 gingivarum

52 1195 200 1266 purgetur.
238 1193 269 1248 et
291 1205 360 1247 curn
379 1205 411 1247 se
435 1186 543 1250 humor
565 1191 596 1249 in
615 1208 667 1251 ore
691 1190 856 1271 collegerit,
879 1188 986 1250 blande
1006 1191 1064 1251 erit
1078 1205 1104 1246 ro

53 1274 246 1355 despuendus.
278 1283 309 1335 et
328 1293 396 1336 cum
413 1276 523 1338 videris
542 1279 674 1357 gingivas
692 1277 769 1340 lrene
787 1285 938 1359 purgatas,
957 1278 1062 1358 oepha·

53 1361 102 1423 lico
119 1364 337 1426 medicamento
357 1363 393 1424 ad
417 1367 627 1428 carnositatem
650 1369 744 1428 uteris
767 1371 793 1428 si
815 1367 893 1427 forte
917 1368 1063 1428 minutam

53 1453 202 1514 inveneris.
249 1452 357 1514 dehinc
392 1455 481 1514 etiam
514 1457 672 1518 novissime
704 1457 736 1517 in
768 1456 937 1516 cicatricem
971 1454 1062 1516 duces

53 1542 123 1602 sicco
145 1542 365 1603 medicamento
388 1542 541 1604 diostrecn
564 1544 719 1625 appellato.

131 1638 178 1693 est
216 1633 289 1692 item
321 1629 401 1692 alind
434 1633 534 1693 cancri
566 1633 664 1695 dentis
697 1651 791 1713 genus
819 1631 965 1694 aetatibus
994 1630 1059 1693 bre·
1076 1648 1102 1688 rs

53 1719 169 1780 vissimis
193 1721 343 1780 eveniens.
381 1722 508 1800 emergit
531 1730 629 1784 autem
657 1724 736 1784 inter
766 1724 831 1802 ipsa
852 1723 937 1782 initia
961 1728 1061 1782 tumor

53 1807 161 1884 quidam
197 1809 293 1870 totius
327 1807 460 1870 maxillae
498 1828 565 1871 cum
602 1812 715 1890 ingenti
754 1809 866 1890 pallore
903 1810 1062 1870 ictericnm

52 1895 179 1958 morbum
214 1895 386 1977 simulante,
422 1914 490 1958 nam
528 1897 633 1960 Graeci
665 1898 820 1960 icteroden
856 1903 976 1974 vocant,
1009 1898 1061 1976 qui

52 1985 131 2046 etiam
164 1972 196 2048 et
234 1985 326 2047 veluti
357 2002 499 2047 venarum
535 1986 659 2048 livorem
694 1988 726 2048 in
759 1994 827 2048 cute
861 1982 999 2046 ostendat
1030 1993 1061 2046 et

115 2144 128 2191 1
147 2141 277 2208 tempore
290 2143 355 2208 post
373 2137 527 2196 curationis
546 2141 609 2196 odd.
630 2157 676 2210 cp,
700 2141 773 2211 qood
790 2140 877 2196 onio.
985 2140 1061 2195 lecto

52 2209 179 2277 specics,
199 2210 275 2264 lecto
295 2211 376 2280 spele
391 2225 421 2279 p.
512 2211 616 2268 lucinio
636 2213 697 2282 (sic)
716 2228 758 2282 cp.
848 2211 963 2266 emoto
982 2209 1061 2265 tillo:

51 2280 111 2333 meli
126 2279 220 2336 tincto
239 2297 261 2349 c,
279 2280 361 2335 molli
378 2281 467 2344 Q
481 2283 562 2352 (corr.
581 2285 613 2338 in
630 2300 717 2356 scorp.
736 2283 755 2338 i.
773 2283 857 2352 licto)
872 2298 903 2352 p.
1013 2280 1060 2335 de-

52 2351 132 2405 secte:
151 2351 301 2422 dcsegtere
320 2353 380 2423 (sic)
398 2370 425 2424 c,
445 2369 495 2409 om.
510 2370 541 2423 p.
614 2359 630 2408 3
650 2371 676 2409 v.
697 2352 818 2407 calidum
839 2368 868 2422 p.
942 2351 978 2405 ed
998 2356 1062 2406 onte

51 2421 221 2478 collnendnm
244 2423 308 2478 odd.
323 2439 354 2492 p.
462 2424 615 2480 ddeeocte
637 2441 672 2495 p:
696 2426 777 2479 cocle
794 2439 816 2478 c.
924 2421 1011 2476 mitte
1024 2438 1060 2489 p:

51 2490 127 2548 mirre
145 2511 166 2550 o.
243 2493 434 2563 edispumeti
451 2511 494 2564 cp.
566 2495 703 2550 admisces
721 2510 750 2561 e,
768 2493 886 2548 smisoes
900 2509 931 2561 p.
1004 2508 1060 2560 quo

50 2595 72 2646 p.
90 2597 111 2649 e,
129 2570 148 2652 (ἵ
166 2585 203 2637 ex
220 2600 247 2652 p.
262 2599 293 2652 p.
383 2582 507 2652 plurimu
530 2583 580 2652 (sic
603 2583 676 2652 odo.)
700 2598 740 2652 ep.
832 2587 847 2636 1
866 2579 1060 2635 invadentem:

51 2650 174 2710 invadere
195 2654 257 2723 (sic)
275 2670 303 2722 e,
322 2669 373 2708 om.
387 2671 418 2724 p.
509 2653 624 2738 purgari
643 2669 663 2709 o.
756 2658 773 2708 8
792 2651 937 2734 collutism
955 2667 982 2720 c,
1004 2650 1061 2706 col·

51 2719 185 2780 lunionem
203 2725 265 2794 (sic)
278 2741 310 2794 p.
419 2725 549 2780 adhibrle
567 2726 627 2794 (sie)
647 2741 672 2781 ez
697 2740 747 2780 ooo.
762 2741 794 2795 p.
902 2723 1061 2778 diecentum

53 2793 131 2878 (-l1‘1)
145 2813 186 2868 cp.
261 2801 293 2850 11
309 2794 524 2866 despuendam,
544 2793 604 2850 -d'
625 2795 750 2866 (—dum)
765 2812 795 2865 p.
869 2791 1014 2863 cephalion
1023 2811 1060 2865 p:

51 2861 161 2922 focehcu
180 2884 201 2923 o.
294 2871 327 2921 12
346 2866 384 2920 ed
402 2883 453 2923 om.
473 2885 514 2937 cp.
605 2867 630 2922 si
652 2865 725 2922 forte
744 2867 804 2936 (sic)
827 2863 967 2921 inveneris
986 2881 1013 2934 c,
1037 2865 1061 2920 si

51 2932 115 2990 forte
133 2936 244 2993 minute
260 2935 347 2993 fuerit
356 2954 379 3007 p
393 2938 439 3008 (cf.
454 2939 518 3008 Gal,
537 2937 575 3008 X,
594 2942 668 3008 446).
743 2943 776 2992 13
790 2937 893 3019 dehinc
906 2952 935 2990 c:
954 2936 1019 2990 hinc
1028 2952 1060 3006 p.

53 3007 198 3064 novissimo
216 3025 258 3078 op.
347 3007 378 3064 in
403 3025 453 3065 cro.
473 3027 495 3067 e.
586 3009 665 3064 ducis
684 3026 725 3079 ep.
818 3015 851 3063 14
870 3023 944 3063 sicco
963 3022 1013 3062 om.
1028 3023 1060 3076 p.

52 3091 170 3152 dicstren
193 3114 219 3166 c,
243 3089 373 3154 dioste'on
387 3115 417 3168 p.
527 3104 560 3153 15
584 3100 627 3154 est
644 3113 694 3153 em.
709 3113 740 3167 p.
848 3094 940 3151 dentis
963 3110 1014 3150 om.
1028 3112 1060 3166 p.

59 3215 139 3268 genus
162 3203 285 3260 cialibus
308 3205 444 3261 brevissi}
467 3203 597 3260 eveniens
620 3220 647 3272 0,
675 3220 763 3274 geum
791 3205 827 3259 et.
850 3221 881 3258 m
903 3169 975 3264 Q
997 3171 1060 3258 filu

53 3271 88 3334 (el
103 3272 253 3330 infantium
271 3279 354 3346 cerr.)
371 3275 464 3333 brevis
487 3275 571 3331 etatis
595 3273 709 3330 veniens
723 3291 755 3344 p.
865 3279 898 3328 16
920 3276 1015 3328 tumor
1032 3290 1059 3330 e:

52 3356 174 3417 romorp
193 3348 239 3415 (os.
253 3363 284 3417 p.
300 3353 346 3416 65,
365 3350 422 3416 17).
498 3352 529 3402 17
548 3363 653 3416 pauore
672 3363 694 3422 c.
766 3345 880 3400 hrct‘rco
898 3345 1018 3414 (morbo)
1037 3360 1060 3412 c,

52 3425 167 3560 mg}
181 3435 345 3576 phictnoum
361 3451 413 3506 pro
432 3435 608 3505 hictericum)
625 3451 655 3504 p.
730 3439 763 3489 1e
781 3431 868 3488 etiem
887 3435 916 3490 et
935 3449 961 3489 e:
981 3437 1015 3488 ei
1028 3448 1060 3502 p.

862 3591 899 3646 5*
