2476 4012
552 237 790 304 -186-

165 385 302 446 alronitri
320 381 430 444 cibaria
449 377 478 464 <.
494 380 537 466 .>,
561 384 696 464 cupressi
719 382 822 444 viridis
845 383 1060 465 spaerularum,
1081 391 1163 446 torre·

166 475 235 535 iacti
254 475 325 534 mitri
347 471 438 534 libras
457 471 601 554 singulas,
620 471 773 554 absinthii,
797 473 990 554 stadsagriae,
1013 475 1165 536 caricarum
1218 513 1219 538 t

164 563 319 644 pinguium
343 560 433 622 libras
456 559 553 641 binas,
576 563 656 641 passi
681 563 784 623 cretici
808 561 887 641 quod
910 563 1071 623 suffecerit.
1107 581 1165 624 con·
1218 557 1219 632 l

164 653 264 714 ficitur
287 653 338 712 sic.
382 649 533 730 spaerulas
556 652 691 731 cupressi
715 650 816 711 viridis
845 651 876 711 in
899 653 968 711 rino
990 653 1165 714 aminacoin

139 740 273 803 ⁵oacabo
297 758 372 801 novo
396 739 546 819 decoquas
573 738 669 800 donec
692 738 796 800 leviter
819 746 1000 822 increscant,
1028 748 1058 802 et
1082 743 1165 802 sicin
1218 745 1219 782 l

165 829 248 909 girba
276 830 376 890 mittes
405 836 435 888 et
466 828 588 909 tundes,
620 836 651 889 et
683 829 725 888 sic
757 830 867 889 iterum
900 827 1058 909 diligenter
1088 837 1166 891 teres.

165 920 253 979 etiarm
277 925 308 978 et
331 918 443 977 caricas
463 917 622 997 separatim
645 916 802 996 diligenter
823 917 932 979 tundes
955 925 985 978 et
1008 919 1052 979 sic
1076 926 1166 980 tunsae

165 1004 349 1067 admiscebis.
394 1013 466 1067 tunc
492 1004 598 1066 deinde
622 1008 720 1068 ommia
744 1022 818 1086 quae
843 1013 913 1067 sunt
936 1013 1024 1068 tunsa
1048 1015 1078 1068 et
1100 1009 1166 1068 sicca

166 1103 195 1156 et
214 1102 295 1156 creta
319 1094 461 1175 adiunges
480 1103 510 1155 et
534 1092 648 1155 adiecto
666 1112 754 1174 passo
773 1093 861 1156 simul
884 1095 1037 1156 tundendo
1059 1098 1091 1156 in
1112 1099 1166 1157 uni·

126 1195 151 1234 1⁰
165 1191 256 1245 tatem
279 1201 381 1265 coges,
404 1191 434 1244 et
457 1185 560 1245 uteris.

254 1272 393 1353 epithima
408 1271 557 1353 Filagrii
574 1273 754 1333 conveniens
767 1272 938 1352 hydropicis
953 1272 989 1334 ad
1003 1272 1166 1336 diffusiones

163 1361 297 1423 humoris
320 1379 375 1442 per
398 1367 494 1423 totum
518 1378 640 1442 corpus,
664 1378 738 1440 quas
762 1359 952 1442 parecchysis
974 1361 1087 1423 dicunt.
1128 1381 1166 1423 re·

164 1451 236 1532 cipit
264 1453 327 1511 ervi
355 1451 466 1512 tarinae
489 1451 696 1532 tenuissimae,
724 1451 813 1531 anisi,
841 1451 966 1533 cumini,
988 1450 1094 1512 hordei
1114 1450 1167 1532 pol·

164 1538 246 1614 linis,
277 1538 505 1600 chamaeleontis
528 1540 606 1619 nigri
629 1538 738 1600 radicis
760 1538 790 1599 id
814 1546 860 1600 est
883 1540 974 1618 seira,
998 1539 1069 1600 salis
1091 1538 1166 1601 lossi·

125 1638 150 1680 15
164 1627 214 1709 lis,
237 1626 377 1688 bacarum
400 1626 488 1708 lauri,
517 1629 602 1707 nitri,
630 1626 822 1709 cardamomi,
852 1627 931 1688 faeni
952 1631 1052 1708 graeci
1076 1629 1167 1709 moliti,

164 1718 298 1777 omnium
326 1718 494 1796 specierum
521 1715 548 1776 X
575 1715 612 1776 dl
639 1718 782 1799 tricenas,
809 1734 910 1798 cerae,
932 1719 1049 1778 resinae
1072 1716 1167 1798 pinalis

165 1823 253 1884 quam
275 1806 420 1886 pituimam
444 1804 547 1867 dicunt
568 1804 619 1866 lib'
643 1804 683 1886 ll,
706 1805 764 1866 olei
782 1807 892 1867 veteris
916 1806 995 1886 quod
1017 1807 1166 1868 suffecerit
1218 1853 1219 1902 ,

164 1913 240 1974 quae
263 1900 334 1955 sunt
357 1896 435 1956 sicca
462 1892 571 1955 tundes
594 1901 625 1956 et
647 1911 767 1976 cernes,
797 1903 870 1957 tunc
894 1912 962 1956 cum
985 1896 1046 1956 rimi
1068 1896 1166 1957 ueteris

163 1996 199 2046 ÷
221 1981 301 2044 Vllll
323 1990 417 2065 teres,
444 1991 475 2059 et
503 1984 545 2044 sic
573 1981 709 2045 solubilia
732 1982 828 2044 soluta
847 1991 878 2046 et
904 1986 934 2044 in
964 1987 1105 2046 mortario
1126 2001 1166 2045 re·
1218 1985 1219 2028 l

124 2085 151 2122 2⁰
165 2073 230 2132 susa
253 2074 340 2132 siccis
364 2070 571 2134 commiscebis
595 2073 678 2132 etin
701 2074 845 2134 unitatem
868 2090 965 2153 coges.

237 2217 250 2261 1
271 2205 377 2260 cibaria
395 2190 508 2278 &pressi
516 2223 548 2276 p,
562 2206 679 2276 cipressi
692 2223 707 2262 c
718 2208 802 2273 (deest
818 2223 949 2264 nummus
966 2209 1166 2264 cibarimmn-
1218 2237 1219 2240 ¹

163 2276 227 2347 Vt).
317 2275 402 2333 viridi
419 2277 546 2348 speculas
565 2294 593 2346 c,
618 2277 728 2346 viride(i
737 2281 798 2349 p⁰)s
815 2278 919 2334 ferulas
937 2295 965 2348 p.
1039 2285 1055 2335 2
1071 2283 1090 2334 t
1109 2275 1166 2333 nitri

164 2353 208 2405 ab.
227 2347 255 2403 l'.
275 2350 295 2403 Ι.
310 2365 346 2419 p,
371 2349 390 2403 t.
409 2351 442 2405 ut
460 2347 579 2419 (=·1ib’)
598 2348 733 2405 absinthii
752 2350 762 2418 (
779 2350 835 2406 occ
853 2351 911 2406 abs.
929 2365 980 2406 orn.
995 2352 1029 2420 p)
1049 2367 1070 2407 c.
1152 2353 1165 2402 ³

164 2425 209 2474 ah.
223 2419 242 2474 l’
257 2421 290 2475 Il.
301 2436 332 2490 p,
345 2418 383 2474 ul'
400 2424 464 2492 (pro
477 2420 507 2489 l')
526 2420 606 2475 binas
621 2436 643 2475 c.
717 2438 749 2474 su
782 2420 821 2475 cit
837 2437 858 2476 c.
931 2421 1077 2477 conficitur
1089 2435 1165 2477 ome.

164 2490 299 2546 avirides
313 2508 346 2562 p,
365 2493 444 2547 -dis
459 2509 480 2548 c.
553 2491 685 2546 cleriter
700 2508 726 2547 c:
746 2491 897 2562 dihgenter
904 2508 935 2562 p.
1008 2493 1166 2548 horrescant:

163 2565 354 2618 maturescant
371 2579 411 2633 cp.
529 2562 558 2616 im
577 2561 658 2633 girba
677 2562 695 2631 i.
715 2563 852 2634 mortario
875 2564 1002 2634 (phocam
1020 2565 1070 2620 del.
1087 2568 1167 2632 1³⁰)lt
1218 2605 1219 2616 ἢ

164 2634 262 2704 agriba
280 2650 302 2690 c.
402 2636 467 2689 tet
485 2633 526 2689 sic
544 2663 577 2674 -
597 2634 635 2702 (7)
658 2634 760 2690 tundes
779 2651 829 2689 cm.
849 2649 871 2689 c.
961 2635 1132 2690 Sadmisces
1148 2648 1167 2699 c,

163 2704 280 2760 amisces
290 2722 321 2775 p.
385 2707 414 2760 et
428 2707 495 2760 tunc
508 2721 530 2760 c.
593 2704 695 2760 deinde
709 2721 736 2759 c:
751 2706 863 2760 demum
874 2722 907 2775 p.
969 2705 1065 2762 omnia
1078 2719 1168 2776 quep:
1218 2723 1219 2782 t

164 2792 275 2848 dimitte
293 2794 369 2863 quod
388 2811 409 2850 c.
496 2794 525 2848 et
543 2792 617 2849 sicca
634 2809 685 2851 orn.
699 2811 731 2865 p.
817 2782 1034 2850 attundendo
1052 2811 1076 2865 c,
1094 2783 1219 2850 simnll

164 2864 269 2927 atrid'd'
283 2881 315 2935 p.
398 2871 431 2920 10
450 2863 528 2934 cogis
545 2865 598 2929 (sic
611 2869 647 2935 p)
664 2867 693 2920 et
710 2881 761 2920 om.
781 2881 803 2920 c.
877 2870 909 2920 11
929 2864 1045 2936 Epith'a
1059 2883 1094 2937 p,
1112 2863 1169 2935 post
1218 2843 1219 2936 l

163 2929 275 3004 h’(hec)
290 2951 312 2990 c,
384 2935 525 3005 filagrium
539 2950 581 3004 cp.
653 2935 814 2992 diffusiones
826 2953 858 3007 p,
873 2936 951 2990 —nia
965 2953 988 2994 c.
1062 2943 1095 2992 12
1110 2949 1170 3005 qaas
1218 2943 1219 2982 t

159 3023 194 3075 p:
214 3021 265 3060 om.
284 3021 306 3062 c.
377 3004 527 3076 parathisis
541 3023 563 3073 c,
581 3005 689 3079 pechtli
701 3025 725 3079 p
744 3003 821 3076 (-h'
831 3009 887 3079 ρο).
920 3007 955 3076 cf.
975 3007 1005 3064 0.
1019 3008 1057 3064 A.
1067 3025 1098 3079 p.
1112 3010 1169 3062 468.
1218 3017 1219 3026 ’

163 3078 244 3146 llcp.
319 3082 351 3132 13
366 3077 446 3133 berbi
456 3096 491 3148 p,
510 3077 560 3133 he‘i
579 3095 601 3134 c.
673 3077 793 3149 pollines
807 3095 838 3149 p.
912 3084 947 3133 14
965 3080 1136 3137 cameleonte
1151 3092 1170 3142 e,

164 3147 286 3204 -leotes
306 3165 329 3217 p
351 3150 397 3218 (cs.
418 3148 448 3204 0.
466 3151 503 3205 A.
520 3165 548 3218 p.
566 3153 641 3218 475).
727 3148 806 3220 nigre
826 3166 867 3220 cp.
956 3149 1062 3206 radicis
1083 3150 1112 3205 id
1133 3145 1171 3203 est

163 3236 248 3292 safra:
268 3237 423 3294 radicesss
441 3221 535 3295 seirati
552 3255 585 3308 p,
611 3240 641 3293 et
658 3238 735 3294 nadre
749 3237 770 3296 Ι.
786 3254 815 3294 ce
829 3237 873 3293 fra
886 3253 909 3294 c.
977 3238 1044 3294 salis
1061 3235 1170 3294 fossilis:
1218 3255 1219 3300 l

163 3306 210 3362 sal’
228 3307 271 3364 fos
289 3307 326 3363 lil'
342 3325 368 3376 c,
387 3308 436 3378 lat
451 3309 478 3366 1’.
497 3307 578 3367 folrll'
592 3326 624 3380 p.
698 3316 732 3364 16
751 3313 807 3365 on'r'r
826 3313 890 3379 spei
908 3311 934 3366 X
953 3309 988 3366 di
1009 3309 1129 3365 tricenas
1145 3323 1169 3360 c:
1218 3305 1219 3378 l

164 3383 209 3434 ad.
227 3385 253 3442 3.
273 3378 359 3435 XXX.
379 3398 411 3452 p.
484 3388 517 3437 1⁷
539 3380 661 3451 pithima
683 3396 710 3450 c,
735 3380 848 3451 pitimia
861 3399 892 3452 p.
965 3379 983 3435 l'
1000 3381 1027 3436 ll
1041 3397 1066 3449 c,
1085 3386 1128 3435 ai.
1144 3375 1168 3428 l'·
1218 3385 1219 3420 l

163 3450 198 3505 Il.
213 3467 243 3520 p.
317 3451 420 3507 suflicit
438 3469 479 3522 ep.
568 3455 601 3506 18
620 3467 673 3521 que
692 3455 758 3508 sunt
771 3469 808 3523 p:
829 3469 884 3508 om.
903 3468 925 3509 c.
997 3455 1030 3508 tri
1048 3469 1070 3509 c.
1140 3451 1168 3501 19
1218 3453 1219 3484 l

163 3523 287 3578 resoluta
299 3538 330 3592 p.
403 3528 438 3578 20
457 3523 619 3580 commisces
636 3538 678 3592 cp.
751 3523 828 3594 cogis
846 3539 887 3594 cp.
