2452 4014
469 251 688 318 ..75-

68 411 149 460 teres
177 404 209 457 et
235 398 279 458 sio
306 398 338 458 in
366 414 427 457 uno
455 397 661 459 commiscebis
689 406 721 458 et
753 396 853 458 addito
880 398 966 460 mede
999 408 1084 463 coeto

68 489 102 548 in
132 486 277 547 unitatem
300 502 403 566 coges,
430 493 461 546 et
489 485 595 548 exinde
622 488 655 547 in
681 486 803 548 modum
825 488 915 548 unius
938 487 1084 550 avellanae

68 573 153 636 dubis
181 584 215 635 ut
242 575 274 634 in
300 591 353 635 ore
380 575 553 636 contineant
579 583 766 654 aegrotantes
790 582 820 636 et
849 575 990 654 perdatim
1013 596 1084 638 exu-

68 663 163 725 cando
190 669 388 723 transvorent.
437 664 484 723 sin
512 679 582 723 vero
610 663 789 742 gliquiritiae
817 681 924 725 sucum
951 682 1011 725 non
1040 667 1084 726 in·

68 753 200 832 veneris,
223 753 317 830 ipsam
341 748 533 830 gliquiritiam
556 753 656 814 mittes
680 759 710 812 et
733 753 836 814 uteri.
857 745 861 835 l
1098 767 1111 807 s

282 908 395 971 XXXV.
431 910 480 972 ld
503 918 680 975 tumorem
703 912 868 975 saucium
1092 937 1116 976 o.
1131 925 1176 968 m.

158 1033 329 1096 Secundum
360 1041 476 1095 veteres
504 1033 636 1095 medicos
664 1043 805 1114 quattuor
833 1035 987 1097 distantias
1015 1055 1083 1098 cum

67 1127 132 1186 suis
154 1122 305 1185 vocabulis
332 1121 442 1183 babere
472 1141 528 1184 ura
551 1123 727 1185 ostenditur.
773 1140 841 1185 nam
869 1126 895 1184 si
923 1125 1014 1186 luerit
1036 1144 1084 1186 ro·

67 1213 161 1275 tunda
178 1215 210 1273 in
229 1210 453 1273 similitudinem
472 1213 588 1286 acinae,
611 1212 716 1292 stalyle
734 1231 750 1272 a
770 1212 892 1273 Graecis
911 1213 1093 1296 appellatur,-

64 1319 158 1382 quam
180 1318 236 1362 nos
263 1318 349 1362 uvam
377 1298 513 1361 dicimus.
554 1302 627 1361 item
651 1302 676 1362 si
706 1302 798 1362 luerit
819 1301 908 1381 longa
930 1310 961 1363 et
984 1305 1083 1363 tenuis
1098 1317 1123 1357 ιο

66 1399 99 1452 et
121 1393 151 1451 iu
176 1388 299 1451 folliculi
323 1391 369 1450 sui
393 1390 562 1449 summitate
589 1389 752 1469 plurimum
779 1389 914 1450 humoris
937 1389 1083 1471 babuerit,

66 1481 162 1541 cionis
190 1477 364 1558 appellatur.
406 1476 568 1538 identidem
597 1480 623 1538 si
650 1495 753 1557 grossa
782 1477 828 1538 vel
852 1481 962 1540 vastior
991 1479 1084 1540 luerit

66 1576 101 1629 ut
119 1568 296 1628 robustitate
312 1584 366 1628 sua
385 1567 515 1627 leucium
533 1567 654 1646 impleat
671 1575 782 1649 partes,
801 1583 965 1646 gargareou
984 1567 1082 1648 appel·

64 1657 152 1718 latur.
193 1673 263 1716 nam
285 1653 526 1735 Hippocrates
553 1657 653 1716 senior
681 1658 712 1716 in
740 1673 795 1717 suo
823 1659 1015 1736 prognostico
1038 1659 1082 1717 sic

64 1748 107 1806 ait
133 1761 348 1828 „gargareones
376 1742 561 1824 periculosae
589 1743 626 1804 ad
652 1743 843 1806 incidendum
871 1744 918 1806 vel
941 1758 1122 1806 exsensu-1⁵

63 1835 151 1916 diam,
175 1840 285 1914 quanto
309 1834 401 1912 magis
424 1831 536 1892 luerint
560 1830 713 1892 rubriores
740 1839 771 1893 et
794 1832 930 1911 grandes.
971 1835 1082 1894 etenim

65 1931 167 1984 tumor
186 1920 299 1982 eisdem
317 1920 390 1981 locis
409 1920 542 1981 nascitur
561 1928 592 1980 et
610 1922 762 1999 sanguinis
780 1919 965 1982 incessabilis
983 1921 1082 1983 lluxus

62 2013 204 2073 efficitur.
242 2010 294 2070 sed
313 2009 485 2089 oportet-in
507 2007 612 2068 eodem
635 2015 769 2088 tempore
789 2025 849 2069 non
868 2008 965 2070 solum
987 2012 1082 2090 ipsam

63 2119 153 2162 uvam
186 2100 370 2178 appositione
403 2094 610 2157 medicamenti
647 2104 816 2177 attenuare,
852 2115 957 2158 verum
993 2101 1082 2160 etiam

62 2186 249 2269 quibuslibet
276 2185 371 2246 modis
399 2184 571 2247 subinanire
596 2194 740 2247 ventrem.
783 2189 826 2247 sic
854 2188 935 2247 euim
961 2189 1080 2248 innoxie
1097 2201 1123 2239 20

62 2278 218 2356 chirurgia
250 2273 408 2336 adhibetur
440 2281 471 2335 et
502 2283 600 2334 metus
635 2275 865 2354 praelocutionis
902 2277 1083 2355 praeteritus

60 2361 139 2428 est“.
186 2367 257 2425 item
290 2360 346 2422 alia
380 2360 549 2443 dicepbalos
584 2361 728 2442 appellata
760 2363 806 2423 vel
834 2362 974 2446 bicapita,
1007 2381 1082 2443 quae

61 2457 164 2516 rarius
193 2454 326 2513 nascitur
354 2460 384 2512 et
412 2452 531 2512 innoxia
555 2468 620 2511 esse
648 2449 807 2532 probatur,
835 2453 861 2511 si
885 2450 1005 2530 quidem
1027 2451 1081 2514 bu·

138 2587 339 2644 teommiaces
356 2604 416 2658 999.
507 2584 621 2654 arogis
637 2600 698 2654 pop.
787 2584 870 2639 unius
888 2601 938 2640 om.
954 2602 984 2655 p.
1066 2592 1082 2641 3

58 2659 213 2717 studendo
232 2660 292 2730 (cie)
305 2675 337 2729 9,
356 2657 529 2714 excaecando
538 2670 574 2724 p:
592 2655 743 2726 gluciendo
757 2673 780 2711 c.
852 2660 870 2708 4
889 2653 933 2710 sin
950 2671 995 2725 pc:
1014 2655 1039 2710 si
1049 2673 1082 2726 9.

59 2730 243 2804 gliqniritiae
261 2747 287 2800 9,
307 2729 430 2800 gliciriae
449 2745 471 2798 c,
487 2729 548 2796 uni
561 2744 592 2797 p.
682 2725 906 2797 bgliquirieiam
924 2743 955 2796 9,
974 2727 1082 2796 hqrrtri

54 2819 93 2872 p:
115 2819 167 2858 om.
187 2817 209 2856 c.
296 2801 421 2856 isteffle
438 2815 475 2870 pp
494 2799 599 2870 (scafile
618 2797 651 2865 e).
688 2799 724 2866 cs.
744 2798 807 2853 Gal.
829 2797 910 2865 XII,
928 2803 985 2854 972
1005 2801 1080 2866 (960.

58 2879 118 2930 971
140 2875 200 2942 ap).
274 2877 307 2926 10
326 2871 350 2926 si
369 2887 415 2940 cp:
434 2886 484 2924 cm.
503 2888 528 2940 9.
603 2873 635 2922 12
655 2869 782 2938 cyonisp
800 2870 881 2939 (crois
893 2885 924 2938 p,
942 2869 1029 2924 tionis
1047 2871 1081 2938 c).

57 2945 109 3000 vel
128 2944 218 2998 satior
235 2941 296 3011 (sic)
313 2958 332 3011 9
350 2941 469 3012 (vestior
487 2943 539 3012 cp).
631 2945 665 2994 14
683 2939 849 3010 hypocrates
867 2956 885 3010 9
904 2942 1009 3010 (ypocr.
1028 2945 1081 3009 ep).

56 3033 84 3072 o.
106 3013 252 3084 Hipp.·I,
270 3016 324 3068 115
345 3012 423 3081 lips.
443 3014 522 3082 (cierat
539 3013 621 3068 ciam
639 3010 762 3066 Gahnus
781 3011 869 3077 XII,
881 3014 956 3080 971).
1048 3016 1081 3065 16

57 3085 203 3141 lubriores
221 3099 251 3153 9,
270 3083 397 3139 rubiores
415 3099 443 3140 c:
461 3082 672 3138 rubicundiores
685 3098 716 3151 9.
827 3087 859 3137 17
879 3080 985 3137 eisdem
1003 3097 1033 3150 p:
1052 3082 1082 3136 in

57 3158 176 3212 hisdem
194 3171 231 3226 p,
253 3154 284 3209 iu
307 3154 398 3225 (locis)
421 3170 436 3209 c
459 3153 499 3224 (in
521 3153 611 3209 isdem
636 3153 730 3216 Petu).
849 3156 882 3206 ts
907 3151 1081 3234 oppositione

57 3226 267 3284 medicamenti
285 3241 307 3296 p
330 3228 375 3294 (erc
397 3227 492 3294 corr.)=
512 3223 695 3294 appositionis
713 3226 813 3291 l-one
831 3224 856 3291 o)
875 3223 1081 3278 medicamento

55 3301 127 3370 9(σ).
238 3302 273 3351 tl
291 3297 423 3366 pretenti
441 3299 476 3346 ÷
493 3313 512 3366 9
529 3292 634 3365 (pure
648 3296 695 3365 p):
714 3294 866 3364 proteritur
883 3311 905 3348 c.
978 3297 1012 3347 22
1034 3293 1082 3347 dia

57 3372 161 3439 coe(ee
180 3367 325 3440 omphalos
339 3369 421 3438 p(cp).
516 3367 594 3436 apud
612 3366 810 3422 Pdroecellum
827 3381 851 3420 c.
870 3368 905 3420 31
920 3380 951 3435 p.
970 3369 1028 3420 209
1047 3366 1082 3433 (si

57 3441 183 3497 robuste
205 3443 236 3496 et
256 3439 408 3495 vehemens
431 3437 557 3494 extiterit
578 3435 692 3507 piclosis
713 3435 827 3504 dicitur)
849 3435 891 3490 sic
914 3433 1015 3505 quattu
1039 3436 1082 3490 iu-

57 3514 180 3569 ducitur
199 3506 371 3580 inspiracula.
442 3509 489 3564 vel
507 3525 537 3578 p:
555 3509 574 3563 i.
594 3507 635 3577 (id
654 3508 708 3576 est)
726 3523 768 3576 ep.
