2476 4012
541 238 782 304 -178-

66 417 67 426 ¹
160 402 218 464 albi
241 414 277 467 ÷
299 402 325 484 1,
353 401 436 463 labae
460 402 556 464 iresae
579 363 697 481 pollinis
715 381 756 462 lib
780 401 801 462 1.
847 401 987 462 conficies
1014 409 1044 462 et
1066 401 1159 462 exindo

160 491 275 553 vultum
298 490 414 554 lavabis.

462 648 603 711 LXXllll.
640 650 689 711 Ad
712 649 872 730 ragades.

249 775 293 836 En
313 774 499 836 antecedenti
518 775 679 852 egestionis
698 775 787 835 nimia
811 773 919 836 duritia
944 775 1114 854 frequenter
1135 777 1159 834 in

133 875 259 946 osessu,
290 881 379 943 quem
408 861 513 923 Graeci
540 862 631 922 edran
659 870 777 943 vocant,
810 863 926 924 diversa
958 863 1072 943 podicis
1101 865 1159 925 vilia

161 954 345 1033 efficiuntur,
373 958 407 1012 ut
422 958 505 1012 sunt
532 949 669 1031 ragades,
696 950 727 1011 id
755 959 802 1013 est
829 951 942 1034 hiatus,
970 962 1001 1013 et
1032 960 1161 1030 tumores,

161 1059 236 1122 quos
264 1039 368 1101 Graeci
396 1039 569 1121 iiegmonas,
599 1048 630 1101 et
657 1039 873 1123 condylomata,
901 1058 976 1120 quae
1000 1059 1055 1102 nos
1083 1040 1161 1101 latino

161 1147 299 1191 sermone
323 1129 449 1190 dicimus
472 1128 635 1190 tubercula.
1033 1199 1043 1215 ·

249 1226 372 1298 propter
410 1235 443 1278 ea
480 1219 642 1278 curationis
674 1224 810 1297 tompore
842 1217 1020 1298 cataplasma
1053 1217 1160 1280 edricon

120 1323 147 1361 10
161 1325 304 1388 appones,
328 1305 406 1386 quod
430 1304 527 1367 Latini
551 1307 713 1368 sessorium
736 1305 848 1368 dicunt.
885 1315 916 1367 et
938 1308 1096 1368 coniicitur
1117 1309 1160 1368 sic.

160 1397 245 1476 panis
272 1394 375 1456 mundi
401 1394 490 1456 medii
517 1395 609 1457 infusi
636 1397 704 1454 vino
731 1397 879 1457 valerici
903 1411 988 1456 rosae
1013 1397 1159 1457 siccaosi·

160 1485 270 1546 militer
293 1484 408 1545 infusae
427 1482 506 1563 311,
530 1486 610 1544 croci
633 1482 798 1565 dimidiam,
821 1483 944 1545 meliloti
966 1487 1085 1565 purgati
1107 1486 1161 1545 sine

161 1575 273 1634 semine
297 1575 328 1632 in
347 1590 422 1651 aqua
440 1574 517 1632 cocti
542 1571 635 1652 3111,
658 1572 736 1633 faeni
759 1575 858 1652 graeci
881 1571 1000 1652 pollinis
1023 1573 1046 1640 5
1070 1572 1102 1656 11,
1123 1573 1162 1631 ori

161 1663 219 1722 assi
242 1661 373 1722 vitellum
397 1677 503 1740 unrrm,
532 1658 588 1720 olei
611 1661 725 1721 rosacei
749 1660 826 1740 quod
852 1661 1013 1722 suffecerit.

121 1767 146 1806 15
250 1749 304 1810 alia
327 1767 403 1829 quae
427 1747 590 1828 appellatur
609 1767 625 1809 a
644 1748 764 1810 Graecis
788 1748 945 1831 dactylico,
967 1749 998 1810 id
1022 1758 1070 1812 est
1091 1748 1162 1830 podi-

161 1837 245 1921 calis,
273 1837 419 1918 siquidem
442 1837 556 1917 podicis
580 1839 648 1898 vitia
672 1837 816 1900 emendat.
854 1840 961 1917 recipit
984 1857 1072 1900 cerae
1094 1853 1126 1902 ÷
1145 1835 1163 1918 1,

161 1927 255 2007 adipis
278 1928 422 2008 anserini,
444 1925 558 2007 plumbi
581 1925 743 2008 combusti,
770 1925 924 1988 ambarum
947 1930 1115 2007 specierum
1134 1938 1163 1988 ÷

160 2016 291 2095 singulas
310 2018 413 2097 semis,
436 2017 519 2094 ysopi
538 2017 620 2075 attici
639 2017 718 2095 suci,
741 2013 854 2097 butyri,
874 2033 1023 2099 cerussae,
1043 2017 1162 2077 omnium

162 2107 251 2164 trium
279 2117 315 2166 ÷
342 2103 434 2163 binas.
478 2101 613 2164 solubilia
640 2103 771 2165 resolves
801 2113 831 2166 et
860 2122 961 2166 rasum
994 2105 1162 2166 cerotarium

119 2191 251 2253 maridis
284 2190 498 2252 commiscebis.
550 2209 665 2252 summe
700 2191 782 2254 ducit
814 2195 984 2254 cicatricem
1017 2196 1050 2254 in
1081 2193 1162 2254 omni·

160 2281 217 2341 bus
239 2280 321 2342 iocis.

249 2368 329 2430 aliud
347 2369 596 2430 medicamentum
615 2369 750 2452 edricou,
774 2372 904 2450 sycotice
927 2369 1113 2453 appellatum,
1133 2366 1162 2429 ad
1214 2425 1215 2464 ,

161 2458 364 2540 condylomata
392 2465 422 2519 et
448 2457 571 2538 ragadas
599 2467 629 2519 et
656 2457 691 2519 ad
724 2459 839 2538 podicis
869 2461 1069 2542 inversiones,
1100 2473 1163 2538 quas
1214 2465 1215 2548 1

233 2647 383 2716 1†1.p=
404 2628 657 2716 33133333313
733 2646 881 2703 faueffixe
896 2663 918 2703 3.
990 2642 1164 2718 l'.1p‚bb'

159 2719 212 2774 Ic.
286 2716 399 2772 conficis
418 2735 444 2784 c,
464 2734 531 2774 —ee
545 2734 575 2788 p.
649 2718 788 2773 exindae:
807 2717 913 2788 indep.
987 2717 1163 2774 2133311333

160 2789 265 2858 13333.
338 2795 354 2842 3
369 2789 413 2842 Ad
427 2789 558 2859 ragadiae
572 2806 595 2859 3,
611 2789 741 2872 (ragades
756 2789 813 2845 iod.
825 2793 867 2859 p),
887 2789 928 2860 De
942 2789 1052 2845 diverso
1066 2785 1164 2860 podicis

159 2859 239 2914 vitio.
271 2861 298 2926 il
311 2875 342 2928 p.
415 2860 670 2931 danleeedenirsp
689 2859 759 2928 (-ti
773 2861 807 2930 3).
879 2867 982 2915 isesso
1001 2860 1163 2927 31333333

160 2931 280 2998 (incessu
294 2933 348 2999 ρο).
422 2936 540 3000 aquam
559 2947 600 3000 cp.
672 2932 748 3002 greci
764 2948 815 2986 om.
825 2949 856 3001 p.
930 2931 1025 2986 adram
1040 2948 1072 3000 p,
1090 2928 1164 2986 edaci

158 3003 222 3069 (sic)
241 3018 262 3056 c.
336 3001 474 3071 uragade
488 3019 520 3071 p,
538 3003 643 3072 rapodo
661 3019 683 3058 3.
757 3007 859 3072 iquos
879 3017 905 3058 c:
925 3018 1035 3072 quasp.
1107 3000 1164 3068 fleg-

159 3087 255 3127 mones
270 3088 311 3140 cp.
384 3077 400 3127 8
419 3071 537 3127 dicimos
555 3073 609 3128 hoc
627 3077 663 3129 uo
682 3074 793 3128 santulo
809 3090 831 3140 c,
850 3072 997 3130 tubercula
1015 3072 1128 3128 dicimus
1137 3085 1163 3138 p.

160 3151 192 3198 11
212 3142 336 3198 medium
355 3159 396 3212 ep,
467 3143 592 3226 inlusum
603 3161 640 3215 p,
661 3161 711 3200 om.
731 3161 752 3199 3.
800 3160 891 3227 ,roso
913 3144 988 3199 sicce
1011 3163 1031 3200 s.
1045 3144 1163 3226 ,1313333

159 3217 289 3340 1331110113
309 3302 334 3340 c:
348 3213 537 3356 111αῇ111101.
550 3231 591 3284 φ’
613 3291 644 3340 16
663 3214 1163 3364 lliosplffimtilpambaltlmalffdselnll

160 3357 221 3426 (sic)
240 3371 265 3410 c:
285 3359 330 3413 air.
349 3359 375 3424 ἢ
395 3357 414 3410 1.
435 3355 461 3411 S.
475 3372 507 3438 p.
591 3361 623 3410 18
643 3356 730 3413 aulici
748 3373 775 3424 3,
794 3356 879 3412 celici
894 3374 922 3428 p.
1004 3372 1105 3413 corase.
1124 3368 1161 3407 on.

159 3426 223 3490 511.
235 3443 266 3496 p.
339 3432 372 3482 20
387 3443 550 3482 commrsccs
565 3443 606 3497 cp.
678 3433 712 3482 22
727 3427 836 3484 ficetice
851 3445 892 3498 ep.
966 3433 1000 3484 23
1017 3426 1130 3499 ragades
1143 3437 1161 3476 c.

159 3498 197 3552 ad
215 3495 324 3567 podicis
342 3497 360 3553 i.
375 3515 410 3568 p:
431 3498 466 3552 ad
483 3496 648 3567 ydropieum
666 3497 684 3553 i.
704 3514 726 3554 c.
