2476 4012
463 267 705 334 -179-

72 413 179 476 Graeci
208 420 345 496 ectropas
371 420 490 488 vocant,
517 420 548 475 et
575 412 611 474 ad
639 413 758 475 dolores
784 413 994 485 intolerabiles.
1040 433 1087 478 re·

72 505 146 584 cipit
165 520 287 583 spumae
306 503 430 584 argenti,
449 519 598 583 cerussae,
617 504 763 583 mastices,
781 505 914 565 omnium
928 518 964 566 ÷
976 512 1088 586 ternas,

70 610 159 652 cerae
189 605 226 654 -:-
252 589 303 672 Vl,
334 592 494 670 iusquiami
522 591 625 652 viridis
655 593 733 673 suci,
763 591 822 652 olei
849 594 969 671 myrtini
996 592 1087 654 libras

71 680 213 760 singulas.
255 697 330 759 quac
358 687 430 741 sunt
457 681 534 740 sicca
562 687 643 741 teres
671 698 739 741 cum
767 698 840 742 suco
868 683 1027 760 irrequiami
1057 689 1087 742 et

70 772 116 830 sic
150 770 328 831 cerotarium
361 787 461 830 rasum
495 766 680 830 admiscebis.
727 776 759 830 et
785 771 816 832 in
843 787 901 832 usu
936 769 1022 831 tolles
1050 783 1114 831 exa

67 861 137 938 ipso
152 856 346 918 medicamine
365 865 396 918 et
413 864 494 918 teres
512 859 543 918 in
562 859 703 918 mortario
721 857 862 937 plumbeo
876 875 945 920 cum
964 876 1086 920 rosaceo

68 955 123 1008 aut
150 947 279 1026 myrtino
308 944 373 1006 oleo
402 945 497 1007 donec
524 953 702 1021 crassescat,
730 954 760 1008 et
787 947 885 1008 illines
911 946 1019 1010 locum.
1056 954 1087 1008 et

67 1038 96 1096 si
115 1034 256 1115 volueris,
275 1053 311 1095 ex
330 1037 395 1114 ipso
414 1033 630 1096 medicamento
649 1035 841 1114 emplastrum
860 1038 1086 1117 superimpones

68 1132 100 1186 ct
128 1122 242 1202 ligabis.

411 1261 521 1324 LXXV.
557 1263 605 1324 ad
628 1263 751 1325 idema.
1100 1281 1126 1320 10

160 1371 282 1451 Antiqui
305 1389 359 1432 seu
381 1377 499 1431 veteres
521 1370 629 1432 medici
652 1370 756 1431 dicunt
778 1388 845 1431 esse
867 1371 977 1453 idema,
1003 1373 1083 1451 quod

65 1479 124 1522 nos
156 1477 297 1539 aquosam
328 1458 510 1520 inflationem
543 1457 683 1540 dicimus,
714 1457 896 1520 subalbidam
930 1467 960 1521 et
989 1459 1083 1522 laxam

66 1550 231 1611 extantiam
255 1566 330 1628 quae
353 1546 491 1609 ostendat
513 1548 674 1627 digitorum
696 1549 891 1629 impressione
915 1547 1082 1629 designatas

64 1638 268 1699 concavitates
296 1638 430 1716 eorporis
456 1654 624 1716 resurgere.
666 1645 696 1698 ct
723 1637 757 1699 lit
783 1636 829 1698 vel
856 1645 1016 1716 generatur
1045 1657 1082 1699 er

64 1727 216 1806 flegmatis
243 1723 408 1787 substantia
436 1733 487 1786 aut
514 1744 550 1786 ex
578 1727 685 1805 spiritu
714 1743 859 1806 vaporoso
886 1729 965 1787 circa
993 1726 1084 1806 pedes
1098 1745 1125 1784 rs

64 1814 115 1876 vel
145 1832 233 1876 crura
261 1831 349 1896 saepe
378 1815 517 1875 eveniens
539 1815 571 1874 in
598 1813 718 1896 pthoes,
745 1814 803 1874 hoc
827 1816 925 1875 estin
949 1814 1085 1894 pthisiois

64 1913 95 1966 et
130 1906 163 1965 in
197 1901 364 1984 cacheries,
400 1900 430 1962 id
464 1910 510 1963 est
542 1917 702 1981 corporum
735 1901 819 1963 malis
852 1899 1084 1963 habitudinibus.

64 1994 244 2072 frequenter
273 1994 298 2053 si
327 2009 395 2052 cum
423 1993 506 2051 tenui
535 1989 677 2052 febricula
705 1991 877 2071 eontigerit,
908 1989 1085 2070 hydropicae

64 2081 248 2162 superallert
271 2082 434 2161 passiones,
460 2086 490 2140 et
512 2081 638 2140 maxime
657 2080 689 2140 in
707 2080 885 2143 eacheeticis
898 2078 1084 2160 corporibus,

62 2173 93 2233 id
123 2175 173 2230 est
200 2169 275 2230 mala
303 2167 476 2230 habitudine
504 2168 631 2248 affectis,
659 2171 837 2249 praesertim
864 2169 891 2229 si
919 2174 949 2229 ct
971 2170 1084 2230 ventris
1097 2185 1124 2224 so

62 2260 161 2322 luerit
189 2275 297 2319 cursus
324 2259 355 2319 in
378 2256 486 2339 isdem,
510 2265 543 2318 ut
566 2255 639 2338 diri,
661 2258 864 2339 passionibus,
891 2256 947 2318 sub
970 2257 1083 2320 diliicili

62 2347 264 2426 temperantia
282 2347 431 2426 corporis,
454 2362 543 2425 quam
561 2343 666 2407 Graeci
686 2346 855 2427 dysorasian
882 2356 995 2428 vocant,
1023 2352 1082 2407 sto·

61 2435 192 2499 machus
215 2441 348 2497 nocetur.

141 2575 156 2624 1
180 2569 232 2624 heo
250 2571 346 2638 tropas
370 2586 396 2637 o,
420 2555 504 2639 ebpes
518 2584 549 2637 p.
658 2571 684 2635 11
707 2584 740 2638 ep
761 2568 810 2635 (cf.
832 2567 938 2649 Peleos.
952 2584 983 2659 p.
1003 2573 1081 2634 278).

60 2639 215 2698 amastioi
234 2657 261 2707 c,
280 2643 394 2696 marsici
409 2657 438 2710 p.
521 2643 601 2694 asir.
620 2642 648 2707 -;-
666 2638 722 2694 ‚ili
737 2655 767 2708 p.
840 2637 858 2693 l'
880 2638 973 2709 singli
990 2655 1017 2705 c,
1037 2643 1082 2697 eh.

59 2715 88 2771 l'.
110 2713 136 2766 Ι.
152 2729 183 2780 p.
256 2717 272 2766 1
291 2710 428 2766 admisces
445 2727 474 2780 p,
493 2709 610 2779 9misces
629 2727 650 2766 c.
722 2711 752 2765 in
766 2727 847 2764 usum
866 2726 911 2779 cp:
931 2726 994 2764 cnm
1013 2726 1084 2782 opus

59 2781 153 2840 luerit
173 2781 248 2838 Petr.
325 2784 354 2837 et
372 2798 450 2851 exp.
530 2785 651 2851 'isuip
669 2782 783 2850 (Petr.):
802 2783 831 2836 et
849 2797 871 2835 c.
943 2781 1036 2836 illines
1050 2798 1082 2851 p,

60 2854 148 2910 —nis
167 2869 189 2907 c.
279 2853 407 2922 8ip0nis
425 2870 466 2922 cp.
558 2859 592 2907 10
609 2853 654 2907 Ad
672 2853 794 2922 hydemc
812 2868 827 2908 c
844 2851 949 2921 (idema
966 2854 1024 2908 iod.
1039 2855 1082 2923 p),
1160 2919 1162 2924 .

58 2929 104 2984 De
127 2941 234 2994 aquosa
251 2923 403 2980 mistione.
431 2925 456 2990 11
465 2941 496 2993 p.
571 2931 601 2979 11
617 2923 711 2979 ideme
728 2941 756 2993 p,
774 2923 889 2979 hidema
903 2940 925 2980 c.
997 2941 1082 2994 quam

59 3016 103 3068 op.
203 3001 235 3052 ta
261 2994 409 3050 subalbida
432 2999 461 3049 et
482 2994 549 3050 lexa
571 2994 698 3050 extantia
716 3011 758 3064 cp.
849 3001 882 3050 13
902 2996 1032 3051 ostendet
1048 3012 1080 3065 p:

58 3065 1081 3138 4111111111ιὶονεὸαε.εμπυρε.7,3ὄεωθα11,963).

58 3137 239 3212 ipressiones
257 3153 279 3203 e,
299 3153 398 3191 -nem
412 3154 443 3206 p.
517 3143 551 3191 14
569 3137 693 3207 corporis
711 3153 761 3192 om.
774 3153 804 3206 p.
878 3142 911 3192 16
930 3135 1043 3206 pthoed'
1059 3152 1082 3203 c,

58 3231 168 3299 pehoee
185 3227 248 3293 (sic)
263 3243 286 3295 p
304 3220 347 3294 (ἐν
366 3221 476 3295 φθόαις
493 3223 556 3281 (iat.
576 3225 619 3293 X,
637 3230 701 3282 953.
729 3225 794 3294 XI,
812 3227 885 3295 101).
957 3208 1080 3296 bity-

59 3300 133 3354 siois
158 3314 185 3366 c,
212 3304 239 3353 .i.
266 3295 376 3367 ptisieis
397 3312 427 3366 p.
544 3303 577 3352 1⁷
603 3295 730 3353 escexies
755 3311 782 3365 c,
810 3295 935 3352 cacexics
962 3298 1027 3366 (eie)
1049 3314 1080 3366 p.

59 3371 157 3427 mules
175 3367 354 3424 habitudines
373 3383 414 3436 ep.
520 3372 554 3422 ts
571 3367 720 3438 ydropicus
739 3383 779 3437 ep.
886 3374 918 3422 19
938 3367 1034 3424 efferre
1048 3383 1079 3436 p.

60 3439 216 3498 esceoticis
234 3456 262 3508 c,
281 3437 411 3494 causticis
426 3454 455 3507 p.
547 3445 580 3494 21
605 3439 725 3495 hiisdem
749 3454 777 3507 c,
800 3438 910 3494 hisdem
928 3456 959 3508 p.
1046 3444 1080 3492 22

60 3527 216 3586 discressie
234 3543 261 3595 e,
280 3527 435 3596 diatrmip
454 3527 498 3594 (to
515 3545 601 3601 morp.
619 3535 632 3583 i
651 3524 669 3582 1
687 3517 811 3585 anderten
824 3531 878 3596 pi).

867 3616 920 3670 12*
