2476 4012
467 235 707 302 -183-

69 401 127 461 per
150 382 279 444 vesicam
307 378 476 460 hydropicis
500 397 645 460 aquosum
667 380 832 442 humorem.
870 385 958 444 etiam
983 393 1013 446 et
1034 403 1090 466 per

70 477 209 532 ventrem
233 471 469 549 suprasorIptum
492 468 647 531 humorem
670 461 839 550 hydrapogo
860 470 928 533 dato
953 472 1089 536 similiter

70 558 230 640 excludes,
265 557 322 619 hoc
354 565 400 619 est
434 559 517 620 cocci
548 556 641 638 gnidii
673 560 777 639 optimi
809 559 838 620 id
870 569 917 622 est
948 579 1008 622 non
1041 581 1088 623 re·

70 649 233 710 iustissimi
264 645 317 708 sed
349 645 457 708 novelli
489 664 525 707 ex
557 646 630 708 locis
661 649 817 710 maritimis
850 648 966 711 collecti
998 668 1089 730 grana

69 737 273 818 competentia
296 742 348 797 aut
368 733 500 796 XXVIIII
519 743 569 797 sut
588 733 684 797 XXXI
702 744 753 799 aut
774 735 906 799 XXXVII
929 738 1116 819 singularia⁵

69 835 123 887 aut
151 823 222 886 bina
249 842 318 886 cum
345 823 546 886 modicissimo
574 826 653 886 nitro
676 843 733 886 ura
759 844 846 906 passa
873 827 988 907 singula
1016 846 1088 890 euu-

70 914 167 976 cleeta
191 912 326 975 includes
355 921 385 974 et
413 911 496 974 dabis
519 915 689 995 vespertino
713 921 848 996 tempore
871 914 1089 978 abstinentibus

70 1022 85 1064 a
110 1011 328 1065 cenacataen
349 1001 446 1063 idest
469 1001 639 1082 singulatim
662 1003 857 1086 comedenda,
880 1012 910 1065 et
932 1013 1089 1085 postquam

70 1091 261 1154 comederint
282 1098 345 1152 tres
368 1097 467 1170 guttas
490 1108 582 1170 aquae
606 1091 717 1153 calidae
739 1091 973 1173 superbibendas
996 1093 1089 1156 dabis.

163 1179 244 1242 aliud
279 1179 470 1259 hydragogon
506 1179 640 1241 lortIoris
679 1183 811 1262 virtutIs²
852 1181 933 1262 quod
969 1190 1001 1244 et
1034 1201 1090 1263 per
1105 1197 1130 1235 10

70 1278 211 1332 ventrem
234 1277 264 1330 ct
292 1270 486 1349 perusinam
509 1275 539 1329 et
561 1287 617 1349 per
638 1271 782 1331 vomitum
807 1270 976 1351 hydropicis
999 1288 1088 1351 aquo·

70 1377 141 1420 sum
176 1357 322 1438 depurgat
358 1355 524 1418 humorem.
575 1359 653 1418 aeris
690 1360 750 1419 usti
781 1360 812 1421 in
849 1359 969 1421 modum
1007 1358 1089 1420 labae

70 1449 237 1528 aegyptiae,
260 1447 403 1507 stercoris
427 1443 588 1507 columbini
611 1448 737 1526 agrestis
757 1445 779 1515 3
801 1445 823 1528 1,
846 1456 930 1509 rutae
953 1447 1089 1509 hortinas

70 1535 178 1598 viridis
207 1534 345 1596 foliorum
372 1534 394 1603 3
421 1533 448 1595 ll
471 1533 559 1596 simul
586 1537 617 1597 in
645 1553 705 1597 uno
731 1534 889 1616 diligenter
912 1539 998 1598 tritas
1022 1554 1090 1597 cum

69 1627 134 1687 rini
159 1626 251 1704 cyatls
274 1622 372 1684 tribus
394 1625 478 1704 potui
502 1622 594 1686 dabis.
1104 1638 1131 1679 rs

165 1711 252 1773 aliud.
294 1710 428 1774 sambuci
455 1711 563 1774 radicis
591 1713 718 1776 cortices
745 1713 854 1775 tondes
884 1722 914 1775 et
942 1715 1090 1796 exprimes

72 1813 102 1866 et
138 1820 175 1864 ex
207 1804 272 1882 ipso
310 1819 383 1862 suco
415 1800 566 1880 expendes
597 1815 634 1863 ÷
665 1801 678 1861 l
709 1809 741 1863 et
777 1801 960 1882 superaddes
995 1803 1091 1864 mellis

71 1891 221 1954 coclearia
244 1889 285 1951 lll
312 1897 343 1951 et
370 1888 453 1950 dabis
481 1906 550 1950 cum
569 1906 662 1970 aqrrae
683 1889 794 1951 calidae
818 1892 910 1969 cyatis
932 1890 982 1952 lll.
1018 1899 1090 1952 tuuc

72 1981 261 2044 sufficienter
278 1981 360 2059 Ipsos
384 1976 551 2040 laborantes
570 1977 807 2041 deambulatione
826 1996 945 2040 morere
964 1977 1090 2041 iubebis.

72 2079 103 2132 et
134 2076 291 2150 postquam
320 2069 381 2128 sive
409 2085 464 2149 per
491 2074 625 2130 ventrem
653 2068 715 2128 site
746 2085 801 2148 per
829 2069 946 2131 urinam
977 2081 1131 2149 aquosum

149 2337 164 2384 1
183 2347 202 2400 p
220 2327 319 2383 uexicd
337 2344 363 2383 c:
383 2344 434 2384 orn.
448 2345 478 2398 p.
552 2314 623 2383 255}
640 2345 668 2384 c:
687 2345 771 2398 supra
790 2329 896 2384 dicium
907 2345 937 2398 p.
1009 2329 1092 2398 ydro-

71 2433 212 2504 gngotcp.
291 2422 306 2472 3
322 2417 344 2472 li
364 2418 425 2487 (om.
445 2417 499 2485 est)
513 2433 549 2486 p,
568 2410 594 2470 li.
615 2399 639 2482 75
658 2421 706 2500 (ες.
724 2418 930 2500 οιωτιηίιῆείρηο
949 2421 984 2467 ÷
999 2418 1091 2498 ponto

68 2507 235 2617 belgensier}
244 2491 366 2629 Esb’aoblti
377 2492 519 2623 walwen
533 2503 703 2613 vetecroicsood11
698 2487 897 2627 gppffioogoo
912 2503 947 2612 οἳ.
965 2503 1092 2612 colleobb

72 2651 101 2702 c,
123 2633 190 2686 -to
204 2647 234 2700 p.
338 2635 355 2684 ὅ
373 2628 463 2684 XXXI
481 2645 509 2684 c:
533 2628 598 2684 XXI
613 2646 644 2699 p.
748 2627 879 2684 XXXVII
897 2643 924 2682 c:
942 2626 1046 2683 XLVII
1061 2644 1091 2696 p.

74 2702 160 2774 siugl'
180 2703 230 2757 ent
245 2700 328 2755 binas
347 2716 368 2757 c.
468 2706 484 2755 6
503 2715 559 2756 uva
577 2716 661 2771 passa
683 2697 766 2770 singl’
786 2700 933 2755 enucleata
951 2698 1050 2754 indues
1069 2715 1092 2764 o,

73 2793 105 2847 in
126 2789 250 2861 singulos
275 2805 344 2844 uvas
362 2803 466 2872 pes-ses·
478 2778 622 2872 {ancletus
645 2787 774 2870 ipoludes
786 2804 818 2857 p.
928 2785 1042 2843 Idebis
1064 2802 1091 2841 o:

73 2881 129 2920 orn.
143 2878 175 2932 p.
248 2862 343 2917 Senta
357 2875 425 2966 enp.
445 2860 623 2930 smgulatrm:
642 2858 805 2941 ungulatum
824 2860 889 2914 oeta
906 2875 963 2914 une
982 2859 1048 2927 (uus
1058 2859 1093 2984 μὲ

73 2952 120 3061 tt
139 2931 562 3125 tuttelstet-dart
579 2929 996 3124 utstttmstrtl
1017 2946 1092 3084 <rs

76 3077 221 3231 {trust
344 3074 864 3227 {cracuaensem
883 3078 965 3212 rr
997 3071 1093 3196 stt

75 3221 206 3359 snt:
222 3232 276 3343 u
292 3232 316 3343 t:
398 3215 696 3357 turturill-
752 3214 932 3368 usar
945 3229 1094 3353 sus

78 3376 121 3431 cp.
203 3364 235 3414 17
255 3361 285 3414 et
303 3361 378 3429 (onte
396 3358 441 3426 ex)
460 3357 524 3412 odd.
538 3363 587 3427 ρο,
605 3373 657 3413 om.
677 3371 719 3426 cp.
790 3354 925 3437 expendis
944 3370 985 3425 cp.
1059 3359 1093 3409 18

80 3430 172 3486 oocl'r.
191 3429 240 3486 ΠΙ.
259 3445 300 3499 cp.
364 3445 451 3512 'epm
469 3443 519 3483 orn.
534 3444 565 3497 p.
651 3444 725 3497 eque
743 3424 837 3482 calide
852 3442 894 3496 op.
985 3429 1020 3480 ts
1039 3425 1094 3479 suf-

8 3569 17 3582 &
80 3501 205 3559 ficientes
219 3517 254 3571 p,
274 3500 427 3572 supficrdtrs
445 3515 466 3554 c.
540 3504 574 3554 20
593 3513 729 3568 aquosum
747 3497 893 3552 humorem
910 3512 933 3554 r.
