2452 4014
559 228 777 293 -90.;

190 427 192 434 .
250 372 337 436 aliud.
370 374 606 453 anagargarisma
626 373 779 436 ischemon
802 373 981 454 appellatum
1006 373 1036 436 id
1062 381 1107 435 cst
1125 391 1165 434 rc·

160 463 260 524 tinans
283 464 471 543 sanguinem,
494 464 521 523 si
543 461 622 524 forte
644 462 681 524 de
704 463 840 526 faucibus
863 471 990 525 autum
1008 463 1164 542 eontigerit.

159 567 258 612 rosam
283 553 406 632 siccam,
427 553 573 612 senticem
594 551 733 632 viridem,
755 559 881 632 mptam
899 550 1038 631 nigellam
1056 553 1165 630 siccam,

156 638 250 719 gallas
273 639 458 701 omlacitidas
480 638 587 701 leviter
604 648 771 721 quassatas,
794 639 884 702 simul
903 641 1003 701 omnia
1024 639 1163 720 decoques

133 728 191 788 sin
209 745 299 808 posca
319 735 349 898 ,pt
372 727 457 789 dabis
475 727 733 809 gargarizandum,
756 737 867 790 aestate
890 727 1031 808 trigidum
1049 727 1164 790 hiberno

160 816 303 896 tepidum.
1056 832 1059 838 ·

55 985 152 1040 (rr-1⁷0)
494 975 553 1037 XL.
591 975 640 1036 Ad
663 975 850 1056 pthisicos.
929 1035 932 1050 ,

171 1135 172 1138 =
248 1097 303 1160 Est
340 1108 440 1161 autem
465 1099 604 1179 ,pthisico
641 1102 740 1180 passio
778 1098 922 1160 ulceratio
957 1099 1108 1181 pulmonis
1140 1108 1164 1160 et

159 1187 289 1249 thoracis
313 1206 382 1249 cum
405 1187 573 1249 defluxione
597 1191 741 1268 corporis.
779 1188 832 1249 sed
850 1187 930 1249 illam
953 1196 1071 1250 veteres
1094 1189 1163 1269 peio-

119 1292 145 1332 ιο
159 1295 224 1338 rem
251 1285 339 1356 atque
369 1276 564 1338 insanabilem
596 1277 700 1338 dicunt
731 1294 807 1357 quae
840 1277 932 1338 inerit
963 1276 1112 1356 pulmonis
1141 1284 1164 1336 ct

159 1366 325 1428 secundum
348 1373 474 1427 aetatem
493 1365 651 1428 iuvenibus
669 1366 763 1445 magis
782 1383 871 1445 quam
889 1365 1012 1426 senibus
1034 1356 1163 1443 creatam,

159 1455 306 1535 siquidem
329 1454 466 1516 iuvenilis
485 1463 565 1516 aetas
589 1457 636 1516 sui
659 1455 809 1516 fervorem
828 1455 947 1533 erigens
969 1455 1001 1516 in
1024 1462 1163 1516 tumorem

157 1544 336 1622 putrefaciat
364 1550 394 1603 et
421 1543 554 1604 sordidet
586 1543 686 1604 ulcera
719 1560 810 1623 supra
841 1543 929 1604 dicta.
975 1543 1107 1606 eflicitur
1135 1559 1163 1602 cx

158 1631 346 1692 antecedenti
378 1633 531 1710 sanguinis
562 1633 768 1713 renotatione,
802 1647 891 1711 quam
923 1630 1029 1692 Graeci
1063 1639 1163 1693 ematos

118 1735 144 1776 15
159 1737 309 1800 anagogen
337 1720 454 1801 dicunt,
482 1727 533 1781 aut
560 1737 615 1799 per
638 1719 755 1801 longam
783 1719 957 1780 tussiculam
980 1722 1163 1782 neumatizato

156 1805 297 1888 pulmone
312 1815 364 1869 aut
377 1808 507 1889 thorace,
526 1816 578 1869 aut
590 1811 708 1870 interna
722 1807 897 1870 collectione
914 1825 1003 1888 quam
1018 1823 1161 1889 empyema

158 1897 270 1979 dicunt,
289 1903 362 1958 cum
376 1897 453 1958 forte
468 1914 588 1958 sursum
605 1899 740 1978 eruperit
758 1904 791 1958 et
802 1899 924 1958 minime
942 1915 997 1976 por
1015 1899 1163 1958 inferiores

157 1993 258 2065 partes
280 1986 372 2047 luerit
394 1985 550 2048 desiccata.
593 1988 730 2066 sequitur
758 1994 857 2047 autem
885 1984 1055 2046 laborantes
1083 1987 1163 2048 totius

158 2076 293 2152 corporis
317 2073 445 2135 delluxio
464 2073 511 2135 vd
529 2092 599 2135 oum
617 2077 707 2136 nimia
725 2076 818 2135 macie
842 2075 951 2135 virium
974 2075 1162 2154 consumptio,

118 2179 144 2219 ao
158 2160 301 2223 fabricula
327 2164 427 2223 tenuis
450 2161 607 2241 aliquando
629 2164 707 2242 iugis
731 2161 889 2243 aliquando
911 2164 1162 2242 intercapedlnata,

158 2268 247 2330 quam
275 2250 381 2311 Graeci
407 2250 567 2331 dialiponta
594 2260 713 2333 vocant,
746 2247 889 2313 tnssicula
922 2253 1011 2312 etiam
1041 2260 1072 2314 et
1102 2251 1162 2329 lleg·

157 2339 245 2400 matis
272 2341 433 2401 reluctatio.
479 2338 586 2401 dehinc
616 2342 769 2420 peierante
802 2341 939 2420 passione
972 2339 1111 2420 putidum
1139 2345 1163 2398 ct

69 2454 86 2492 a
107 2443 144 2486 ιη
156 2420 360 2511 purullentum
374 2445 470 2508 ¹supra
492 2428 605 2490 dictum
623 2429 729 2509 llegma
748 2427 925 2491 excluditur.
964 2427 1062 2508 capilli
1086 2429 1162 2490 etiam

231 2622 245 2670 1
265 2617 398 2673 schcmon
415 2633 456 2688 pc,
475 2617 608 2673 chcsmon
621 2634 652 2686 p.
743 2624 760 2672 3
780 2617 905 2674 senticem
922 2614 1021 2672 viridis
1039 2634 1071 2689 g,
1092 2615 1161 2672 silice

156 2705 246 2761 vinos
266 2723 292 2773 ο,
317 2705 399 2762 nou
417 2705 515 2761 urion
529 2722 560 2775 p.
651 2707 745 2775 myrta
763 2705 877 2775 (mirata
895 2723 919 2774 ο,
937 2686 998 2761 bra
1012 2707 1046 2776 p)
1065 2703 1161 2776 urgens

157 2777 232 2845 sicca
248 2792 282 2845 ge
299 2778 392 2846 l-am
406 2777 448 2848 p).
538 2781 554 2830 b
572 2776 690 2832 hiberno
709 2793 727 2848 g
746 2777 803 2846 (sed
819 2776 920 2860 hyeme
964 2818 971 2845 ‚
994 2793 1077 2846 yeme
1094 2792 1120 2847 c,
1136 2778 1162 2830 ul

156 2863 244 2916 supra
261 2863 363 2916 semper
380 2848 412 2902 in
429 2849 479 2902 boe
497 2848 577 2917 cap).
684 2847 764 2903 und
781 2847 906 2918 plisucos.
971 2861 1060 2914 .cap.
1078 2865 1108 2918 g,
1124 2843 1161 2901 Ad

156 2917 272 2988 ptisicos
291 2923 326 2973 40
345 2934 359 2973 c
376 2918 446 2987 (sine
463 2919 539 2973 rubr.
554 2935 590 2987 p,
608 2919 655 2974 sed
672 2918 730 2973 ind.
747 2935 769 2987 p
787 2916 832 2973 Ad
850 2919 987 2989 piisicos).
1081 2923 1097 2974 8
1115 2916 1161 2988 pti·

157 2988 216 3043 sica
232 3004 292 3058 pop.
401 2994 417 3043 9
435 2991 558 3045 veteres:
583 2991 707 3045 veterem
728 3005 779 3059 pop
802 2991 868 3059 (pro
888 2991 997 3046 veteres
1015 2990 1079 3057 fort,
1098 2986 1161 3060 good

156 3061 256 3114 iterum
276 3060 418 3129 sequetur).
529 3065 562 3113 10
585 3060 636 3118 ins.
660 3059 770 3116 dicum:
792 3061 972 3116 immolares
994 3061 1093 3116 dieunt
1109 3074 1160 3129 pop.

159 3136 190 3184 11
211 3132 334 3186 creatam
351 3147 381 3200 g:
401 3133 496 3188 creata
514 3147 541 3202 c,
559 3132 628 3186 nala
641 3147 672 3200 p.
760 3137 794 3186 14
814 3133 924 3187 amatos
942 3148 963 3187 c.
1052 3136 1085 3187 15
1103 3145 1160 3185 ana-

156 3217 244 3284 goges
262 3217 299 3272 91)
303 3242 312 3270 ,
331 3207 402 3271 -ge
421 3218 444 3259 e.
524 3202 725 3258 reumatidiuto
742 3219 788 3274 pe,
806 3202 1009 3258 neumatizante
1023 3219 1054 3272 p.
1132 3204 1158 3252 16

156 3279 1159 3416 libibtctbttmt10s¹l1ti⁸¹¹blz¹t¹f⁸ibt¹llere

155 3418 217 3485 (om.
236 3417 311 3486 cnm)
328 3431 373 3488 gp.
445 3420 480 3470 20
498 3412 739 3485 intercapedinem
751 3432 782 3485 g,
801 3415 874 3471 inter
892 3415 1025 3486 carpineta
1043 3433 1065 3482 c,
1082 3414 1158 3468 inter·

155 3486 255 3555 polein
269 3505 299 3556 p.
372 3492 406 3540 22
424 3485 556 3556 putidum
573 3501 618 3556 ger
637 3485 782 3556 putridum
796 3503 827 3556 p.
895 3529 898 3538 Δ
