2452 4014
554 248 771 312 ...70-

152 391 273 453 linteolo
307 392 434 453 densum
460 390 617 454 inductum
645 409 783 472 appones.
831 401 882 454 aut
911 401 993 455 certe
1021 394 1156 456 dielcctrn

152 482 315 542 trociscum
337 488 389 541 aut
406 481 558 560 trigonum
577 479 714 542 admixtis
736 479 873 560 palmulis
894 482 1025 566 calcatis,
1049 490 1156 562 patetne

152 586 168 629 a
187 568 307 630 Graccis
326 567 521 650 appellantur,
544 569 680 631 similiter
698 587 837 648 appones.
881 570 1011 633 dandum
1030 574 1116 634 etiam
1132 579 1157 632 et

150 657 199 718 dia
222 657 337 738 codyon
366 657 557 736 singulariter
580 665 632 718 aut
654 676 727 719 suco
749 658 886 738 polentae
910 667 961 722 aut
984 677 1087 740 oryzae
1115 659 1156 720 ad-

124 748 284 809 cnutum.
330 745 377 807 vel
405 748 551 826 catapotia
582 746 770 808 tussicularia
801 765 876 826 quae
909 747 1015 809 Graeci
1045 748 1156 810 hechica

151 844 257 896 vocant
279 836 450 915 vespertino
477 839 612 914 ternpore
636 834 789 897 cubaturis
812 836 842 896 id
867 846 913 898 est
935 837 1077 899 euntibus
1098 837 1156 898 dor·

151 926 257 985 mitum
279 921 372 986 dahis.
413 931 464 985 aut
486 925 636 1003 trigonum
655 926 818 985 trociscum
841 925 978 987 similiter
996 929 1156 1006 vespertino

150 1020 286 1092 tempore
313 1030 383 1073 cum
410 1011 503 1073 calida
531 1030 606 1091 aqua
623 1011 731 1092 dahis,
764 1014 794 1078 si
821 1021 919 1074 tamen
952 1017 1066 1076 ventris
1097 1033 1157 1075 cou-

151 1102 265 1162 strictio
289 1102 390 1162 autin
408 1100 571 1162 infantibus
590 1109 671 1163 aetas
692 1103 813 1163 minime
832 1103 1010 1182 impedierit.
1049 1110 1157 1183 oportet

110 1203 137 1244 ro
151 1190 240 1250 etiam
253 1188 362 1251 calenti
376 1191 641 1270 anagargarismate
658 1193 703 1252 uti
721 1209 757 1251 ex
777 1190 951 1253 decoctione
969 1191 1157 1271 palmularum

149 1284 181 1338 et
207 1277 364 1340 lenticulae
392 1287 424 1340 et
451 1296 537 1340 rosae
560 1278 606 1340 vel
629 1280 755 1340 ficorum
782 1281 942 1342 siccarum:
970 1288 1021 1342 aut
1045 1281 1157 1360 siliquas

149 1384 270 1446 graecas
293 1367 444 1429 dulciores
467 1370 568 1429 mittes
592 1375 622 1428 et
645 1371 748 1430 uteris.

237 1458 386 1518 trociscus
418 1475 434 1518 a
467 1456 588 1517 Graecis
619 1458 829 1536 ypocapnistos
861 1456 1026 1537 appellatus
1058 1457 1088 1518 id
1118 1464 1158 1520 est

149 1544 420 1624 suffumigatorius‚
448 1547 628 1605 conveniens
656 1548 782 1606 maxime
810 1544 936 1606 hiberno
969 1545 1157 1608 tussientibus

109 1646 135 1688 aa
149 1631 186 1692 ad
213 1631 442 1694 desiccationem
472 1633 645 1712 humorum,
680 1636 805 1695 maxime
836 1633 872 1694 ad
906 1632 988 1713 longi
1021 1635 1157 1714 temporis

148 1721 320 1802 tussiculas,
348 1738 421 1800 quas
449 1720 555 1782 Gracci
583 1721 721 1783 chronias
753 1721 863 1784 hechas
897 1731 1012 1784 vocant.
1061 1723 1158 1802 recipit

147 1815 248 1870 autem
271 1809 448 1871 sandaracae
466 1818 497 1871 et
520 1811 596 1872 turis
619 1818 721 1890 partes
739 1809 837 1893 binas,
859 1810 1005 1873 medullae
1027 1813 1156 1873 cervinae

148 1905 179 1958 et
202 1917 320 1960 murrae
343 1907 443 1978 partes
467 1898 606 1979 singulas.
651 1898 760 1961 tundes
783 1899 974 1961 sandaracam
996 1907 1026 1961 et
1052 1917 1157 1978 cernes,
1211 1946 1212 1949 ,

148 2004 279 2049 murram
307 2005 377 2048 vero
405 1996 436 2049 ct
463 1996 512 2048 tus
541 1990 700 2067 separatim
728 1995 808 2049 teres
836 1995 867 2050 et
898 2005 1011 2050 cernes.
1059 1988 1157 2050 dehinc

107 2089 134 2131 ao
149 2075 236 2136 simul
263 2077 362 2137 omnia
389 2094 458 2136 cum
486 2078 604 2136 cervina
632 2074 760 2137 medulla
787 2079 818 2137 in
848 2077 932 2156 girba
955 2079 1059 2138 mittes
1082 2079 1156 2140 etin

220 2357 233 2406 1
263 2350 379 2407 linteolo
406 2369 439 2424 pc
466 2357 491 2408 et
518 2358 582 2408 onte
608 2369 677 2408 corr.
709 2353 796 2421 (-li1)
821 2369 851 2422 p.
964 2354 1084 2410 densum
1114 2369 1156 2424 99ε

146 2419 232 2478 denso
250 2439 272 2478 c.
346 2424 510 2479 dialectrum
522 2441 568 2496 99,
587 2423 685 2479 dieleii
700 2441 721 2478 c.
794 2424 983 2479 iadmixtnm
996 2441 1042 2495 99,
1065 2426 1126 2480 —to
1138 2440 1156 2476 c.

147 2492 290 2550 cmcaticis
308 2512 334 2566 9,
354 2495 461 2551 —ticus
480 2513 495 2550 c
512 2502 537 2550 et
555 2497 584 2564 (u
603 2513 637 2550 ex
655 2499 733 2562 corr.)
748 2512 779 2578 9.
865 2498 983 2566 pateton
998 2535 1003 2547 .
1020 2535 1025 2547 .
1045 2494 1155 2566 .appel·

146 2563 236 2621 latum
256 2568 349 2634 (-tur
369 2568 400 2636 p)
424 2583 484 2638 pap.
594 2573 611 2621 4
629 2566 794 2622 dicacodron
813 2567 873 2636 (sic)
899 2584 930 2638 9,
954 2566 1105 2621 diacodion
1122 2582 1157 2635 cp.

147 2636 237 2694 orizae
261 2639 348 2707 (-ae)
370 2654 430 2708 pop.
546 2643 562 2692 5
586 2637 743 2707 catapotias
766 2637 934 2708 singularias
957 2638 1016 2707 (sic)
1040 2655 1111 2708 quas
1135 2652 1157 2708 9,

146 2725 291 2795 catapotia
315 2725 469 2794 singularia
493 2743 566 2794 quae
592 2728 623 2794 (a
647 2741 677 2795 c,
703 2717 780 2797 ¹d'p)
809 2741 851 2794 cp.
978 2732 994 2781 6
1021 2722 1157 2782 cubatnris

147 2795 274 2864 (-toriis
291 2797 332 2850 aie
349 2797 378 2878 9)
396 2795 426 2850 id
450 2799 492 2850 est
514 2813 565 2852 om.
580 2815 611 2866 p.
725 2794 868 2851 cubaturis
887 2826 921 2838 -
941 2798 975 2866 (v.
990 2800 1018 2868 8)
1036 2800 1157 2868 tempore

145 2881 196 2924 orn.
216 2883 239 2922 c.
311 2872 377 2920 tim
394 2883 444 2922 om.
463 2883 523 2938 pop.
607 2873 639 2922 10
659 2865 819 2923 calentinuo
837 2869 897 2936 (sic)
916 2884 993 2952 gorg.
1012 2886 1039 2940 9,
1059 2865 1157 2923 calenti

144 2953 224 3008 garg.
239 2955 261 3008 p
281 2942 305 2990 et
323 2954 402 3008 garg.
422 2936 525 2993 calenti
543 2956 565 2993 c.
639 2946 671 2994 11
691 2936 747 3011 piel
768 2935 833 3010 fredi
850 2956 876 3010 9,
895 2956 1006 3063 piarum
1024 2938 1156 2994 siccarum

177 3011 232 3076 razi
249 3007 349 3075 incenit
371 3009 396 3076 c)
422 3025 463 3078 cp.
571 3009 688 3080 siliquas
711 3026 808 3080 greces
826 3025 853 3064 c:
877 3009 994 3079 siiquao
1017 3026 1117 3080 grecae
1133 3023 1156 3078 9,

144 3009 233 3134 ddum
252 3095 349 3162 grecas
365 3094 395 3148 9.
482 3080 701 3154 multtisque.
790 3086 822 3136 13
840 3079 882 3150 y(i
896 3082 994 3150 c)pooa
1014 3081 1103 3135 nisius
1120 3093 1156 3150 pc,

144 3165 315 3232 ypoconpcus
325 3167 356 3220 9.
422 3156 455 3204 13
470 3153 636 3236 appellatur·
674 3153 831 3234 (49599).ι
897 3156 931 3205 14
943 3169 975 3205 an
998 3150 1155 3234 amatorius:
1214 3149 1215 3166 ¹

145 3219 319 3304 Conveniens
334 3291 340 3304 ⁸
346 3237 379 3292 9,
406 3169 691 3305 subfum1gat1omgus
715 3237 882 3277 convenicus
910 3239 935 3292 c,
964 3221 1156 3302 suffimigaton

144 3293 206 3418 gaso)
224 3308 392 3417 convertimus
406 3309 437 3363 p.
459 3365 478 3419 b
509 3295 614 3363 yberno
632 3311 658 3365 9,
674 3294 711 3376 uss
726 3294 844 3418 Qberno
864 3308 904 3362 ep.
980 3299 1013 3348 io
1033 3293 1155 3414 chronrpp

145 3379 307 3517 pidici.-
325 3379 441 3506 {titi
479 3379 857 3518 illegitimate:
930 3363 975 3490 1?
981 3380 1096 3490 dnm
1113 3447 1155 3502 n.

144 3521 245 3560 maram
264 3520 286 3560 c.
358 3511 392 3561 20
411 3505 442 3562 in
460 3507 542 3577 girba
560 3509 652 3576 (graue
669 3509 694 3574 c)
712 3507 801 3561 mamm
818 3521 878 3576 pop.
