2476 4012
453 244 691 310 -221-

81 383 547 453 fectioneacaoacctotiadaeeii
620 382 774 453 capitulo
811 381 851 438 de
893 383 1083 472 dyaquilon

81 457 250 526 ,proticc‘l
620 455 674 509 etc.
693 453 740 524 (cf.
757 467 845 523 capra
861 469 883 509 s.
902 456 1032 525 alcala).

61 526 244 598 illamelltoa
263 527 405 597 malagma
423 543 441 582 a
461 526 545 582 melle
602 524 700 580 Leuce
741 522 934 594 diaplporeoa
978 526 1083 596 empla-

82 596 278 668 qnodreoipit.
297 597 373 666 qnod
383 614 464 668 grece
474 597 547 652 milli
620 599 709 651 strum
732 596 769 652 ab
786 595 852 651 albo
870 596 968 667 pipere
986 595 1085 652 dicunt

81 669 192 725 dicitnr.
208 668 319 724 Cassius
333 669 413 724 Felix
426 670 472 738 (cs.
488 669 546 725 cod.
638 667 695 722 nod
713 666 822 736 recipit.
862 667 893 722 in
911 666 1082 725 antidotario

81 740 175 796 Pario.
187 739 396 809 appenditii·
405 740 548 810 Malagma
660 737 743 793 'basii
765 739 795 792 et
817 737 907 795 (tassii
929 737 1031 794 Felici·
1056 741 1085 796 et

81 810 243 866 diamelitos
264 810 282 865 i.
308 826 342 864 ex
360 811 445 866 melle
464 826 545 881 para·
619 808 779 865 universali.
933 847 934 852 κ

81 881 178 952 gerice
210 883 240 936 et
271 881 404 937 oalastioe
431 881 545 937 virtutis
602 879 700 936 Irenae
729 879 948 951 diapslmltlunr
978 881 1083 952 empla·

81 953 195 1009 solvens
222 952 366 1008 universes
399 953 546 1009 stricturae

80 1027 207 1080 tumores
219 1066 225 1080 .
236 1067 241 1078 .
254 1065 260 1079 .
271 1023 330 1078 eive
354 1023 473 1079 duritias
485 1064 491 1078 .
503 1063 510 1077 .
520 1026 547 1094 .).

63 1094 250 1150 lllaoatreon
268 1095 303 1149 de
323 1094 424 1150 cocleis
443 1097 548 1151 ostreo·

622 954 712 1008 stram
727 951 823 1006 album
837 969 872 1008 ex
885 969 991 1008 cuasa.
1019 969 1086 1008 nam

620 1021 732 1093 psimiti
751 1024 794 1078 est
812 1039 911 1079 cerusa
929 1023 1005 1094 apud
1019 1023 1085 1080 Gas-

621 1093 694 1150 sinm
712 1093 835 1149 Felicem
853 1094 884 1150 in
905 1094 1085 1151 antidotario.

81 1183 154 1220 ram.
187 1164 299 1221 Cassius
323 1163 402 1220 Felix
422 1165 454 1220 in
476 1165 547 1221 anti·
603 1181 997 1251 Mmffimouflotog,
1019 1183 1086 1240 οὓς.

81 1235 194 1292 dotario
214 1237 260 1308 (cf.
279 1252 366 1306 sopra
383 1252 405 1292 s.
425 1232 494 1306 drot).

63 1306 211 1363 Eurotlca
220 1310 266 1376 (ec.
282 1301 449 1379 ἄραιωτική)
459 1307 549 1364 virtus

621 1254 679 1309 sins
696 1252 776 1310 Felix
797 1253 827 1308 in
850 1254 1020 1310 antidotario
1039 1256 1084 1326 (cf.

620 1341 747 1395 caprae.
766 1321 835 1395 dcci).

82 1377 550 1506 ecitdctttlt
603 1411 742 1540 ear·
757 1412 1085 1542 mirerere

80 1519 222 1575 millino
248 1520 279 1575 in
306 1520 478 1577 antidotario
504 1522 549 1591 (cf.

82 1592 142 1647 cod.
157 1591 252 1648 Porio.
267 1607 331 1661 opp.
346 1592 367 1660 f.
383 1591 437 1648 85b
451 1592 550 1648 Gamo-

82 1661 157 1716 milli
188 1660 286 1717 viridis
317 1662 400 1718 fiores
435 1665 520 1720 rotun

83 1733 150 1800 †1.
185 1732 240 1788 olei
264 1733 345 1803 spani
368 1734 462 1790 emina
483 1737 504 1790 Ι.
524 1739 551 1803 ἢ

83 1803 144 1858 XX.
165 1804 349 1859 coniicitnrin
365 1805 424 1861 sole
435 1822 550 1876 suspen·

84 1892 147 1929 snm
176 1875 249 1931 sicut
277 1892 423 1931 rosaceum
450 1907 485 1918 -
512 1893 549 1934 ec.

82 1947 157 2017 quod
174 1947 360 2016 praecedit-
376 1949 405 2002 et
423 1950 467 2004 est
480 1947 549 2003 lixe-

622 1556 747 1626 plumbo.

521 1663 550 1718 di
604 1624 764 1684 illoaldera
814 1627 927 1698 spatula
972 1627 1085 1683 Cassius

621 1698 714 1764 Felix,
732 1697 820 1754 idest
835 1697 933 1754 ferrea.
961 1715 1027 1754 nam
1043 1716 1087 1770 sy·

622 1768 703 1824 diron
721 1768 799 1839 greci
816 1767 928 1824 ferrum.

604 1836 706 1909 Opodc
725 1838 863 1894 medicine
877 1839 907 1894 id
921 1843 965 1896 est
981 1856 1036 1909 que
1050 1840 1086 1896 de

620 1909 712 1965 suecis
735 1909 807 1964 finnt
829 1911 862 1965 nt
888 1910 991 1981 opium.
1021 1911 1085 1966 Cas·

622 1981 679 2036 sius
694 1981 773 2035 Felix
787 1980 828 2035 de
844 1982 999 2038 cautella
1016 1983 1085 2038 ool·

81 2017 191 2088 peritos
223 2016 417 2074 febrientibus.
462 2019 551 2076 habet
621 2051 789 2108 fitiorum

82 2089 220 2144 virtutem
234 2089 390 2144 arentioam
403 2106 489 2158 qnam
498 2106 549 2145 nos

10 2201 14 2210 .
82 2159 297 2214 disrarstoriam
311 2159 439 2215 dicimus.
463 2160 549 2231 siqni-

81 2230 150 2286 dem
173 2232 266 2286 ontem
284 2229 449 2286 disrarando
468 2233 549 2301 pate-

80 2301 154 2356 facit
178 2302 207 2357 et
227 2300 258 2354 in
282 2300 411 2356 sudorem
432 2303 548 2359 relaxat.

82 2373 119 2440 cf.
139 2371 202 2427 Gal.
224 2371 288 2438 XI,
307 2374 380 2442 749).

64 2441 241 2500 Gerontiaa.
279 2442 391 2498 Cassius
415 2443 495 2498 Felix
518 2443 548 2498 in

82 2513 255 2569 antidotario
306 2514 342 2569 in
395 2513 547 2569 trocisoo

81 2602 183 2711 tiit
198 2585 549 2725 ‘iilltttliitt

83 2726 211 2782 senilia“.

65 2797 166 2856 Glilco
180 2799 226 2854 vel
240 2796 287 2869 gifi
302 2799 333 2853 et
350 2798 433 2868 giiico
447 2798 548 2854 hermii

83 2868 235 2937 antiquum
261 2869 418 2924 antidotum
442 2870 548 2925 dictum

602 2123 740 2193 Pyopion
753 2139 835 2193 grece
851 2122 957 2179 saniem
971 2124 1086 2180 ducens.

622 2193 1086 2252 CassiusFelixinconieotione

621 2266 789 2338 unguenti
806 2267 1057 2323 tetrafarmaoi.

603 2353 765 2410 Rhizentia
774 2354 916 2423 (Rizoncia
927 2355 1030 2411 Macci.
1043 2357 1084 2424 S.)

619 2440 711 2494 grece.
738 2423 850 2480 Cassius
868 2424 947 2480 Felix
965 2425 995 2479 in
1013 2426 1086 2481 anti-

619 2494 729 2550 dotario
753 2495 799 2564 (cf.
822 2495 977 2551 risonichia
999 2511 1021 2553 c.
1048 2499 1084 2551 13

619 2567 653 2621 dc
678 2565 852 2634 diemalibus
883 2567 929 2620 cit.
962 2566 1030 2624 Sim.
1062 2583 1084 2621 e.

620 2635 828 2705 chrisonichia).
874 2639 940 2692 sunt
975 2637 1084 2693 radices

620 2708 689 2762 dure
703 2725 757 2777 qne
775 2707 806 2762 in
818 2707 959 2764 ulceribus
973 2710 1084 2778 aposte-

619 2780 728 2833 matum
750 2778 811 2832 iam
833 2781 1016 2837 vacuatornm
1043 2797 1086 2836 re·

620 2851 736 2905 manent
753 2851 807 2905 etc.

82 2957 101 2994 a
116 2939 146 3009 gi
160 2938 235 3008 qnod
247 2942 294 2994 est
306 2941 382 2995 terra
395 2943 425 2996 et
438 2942 475 2996 ab
488 2942 548 2996 her·
602 2937 708 2995 sante
727 2940 786 3008 (sic,
804 2940 823 2995 i.
841 2955 863 2996 e.
882 2938 997 3011 στακτὴ)
1017 2941 1083 2997 an-

82 3013 160 3065 mete
178 3010 348 3080 philosopho
363 3052 405 3066 ...
418 3012 549 3068 landatur

81 3082 113 3136 in
134 3081 241 3136 multis.
271 3081 410 3138 confectio
429 3083 488 3138 eius
506 3083 548 3138 in·

82 3151 197 3220 venitur
225 3152 255 3206 in
287 3152 456 3208 antidotario
488 3154 548 3208 uni·

82 3222 189 3348 {cranii
207 3225 237 3278 et
254 3223 329 3294 apud
349 3223 475 3279 Cassium
497 3223 549 3281 Fe·

95 3311 176 3348 roem.

65 3364 187 3421 lblscns
214 3365 322 3420 evieons
345 3365 442 3420 althea
463 3365 547 3422 idem.

84 3435 198 3491 Cassius
221 3435 301 3492 Felix
323 3437 353 3491 in
378 3435 547 3492 antidotario

620 3009 677 3064 sius
691 3009 772 3066 Felix
789 3010 819 3065 in
837 3011 1015 3068 antidotarIo.
1041 3016 1084 3068 est

620 3081 795 3151 capitellum,
802 3081 1085 3153 scilicetoquaprima

621 3152 775 3223 saponarii,
799 3156 832 3208 ut
854 3155 969 3223 exponit
992 3156 1037 3223 (cf.
1061 3169 1083 3209 e.

620 3224 785 3294 capitellum
807 3226 925 3279 vocatur
947 3241 1021 3293 aqua
1040 3241 1084 3281 sa-

620 3295 809 3364 ponariorum.
834 3294 1015 3351 lixisinmest
1028 3313 1084 3366 qno

619 3365 652 3420 fit
676 3383 752 3435 sape.
791 3381 865 3434 aqna
887 3366 980 3435 prima
1001 3370 1085 3438 gutta

619 3436 712 3506 prima
730 3453 748 3492 a
770 3436 939 3506 quibusdam
961 3438 1084 3508 dicitur).
