2476 4012
560 247 802 312 -172-

260 391 350 453 aliud.
391 395 539 454 trociscus
562 394 741 454 conveniens
765 391 931 474 epilepticis
962 393 1012 471 qui
1036 409 1104 453 cum
1124 401 1174 455 tre·

172 497 256 544 more
275 480 480 544 membrorum
499 484 700 543 accessionem
723 483 886 562 patiuntur.
922 483 1031 561 recipit
1053 485 1175 564 castorei,

173 572 321 654 abrotani,
351 570 485 633 radicum
508 573 642 651 panacis,
666 572 799 632 omniurn
821 571 915 630 trium
937 567 1050 652 31111,
1077 571 1176 650 piperis

95 689 97 696 ·
173 659 245 742 albi,
273 668 358 722 rutae
386 660 522 721 hortinae
545 657 567 727 3
590 655 687 734 binae,
716 661 797 720 croci
825 666 855 720 et
878 660 981 739 cyperi
1003 659 1025 728 ὅ
1050 659 1176 740 singulus.

146 757 257 812 saneto
287 747 408 829 colliges
437 756 467 811 et
493 750 584 810 iacies
611 748 757 809 trociscos
785 747 984 828 drachmaleS,
1012 767 1049 808 ex
1081 747 1178 827 qulbus

173 857 267 900 uuum
299 839 330 898 in
362 840 483 918 potione
516 837 613 918 dabis,
644 836 816 898 hebitudine
847 839 983 917 corporis
1014 837 1179 898 fortioribus

126 966 128 974 ‚
174 945 242 988 cum
274 928 342 986 rino
375 926 471 988 mulso
504 928 596 1007 cyatis
628 925 699 1008 llll,
730 923 877 987 debilibus
909 944 980 986 vero
1013 944 1084 987 cum
1116 943 1179 1004 aqua

173 1014 277 1077 mulsa.
320 1023 439 1095 oportet
466 1023 565 1077 autem
592 1015 740 1095 patientes
767 1023 836 1095 post
863 1021 1015 1096 acceptam
1038 1016 1179 1096 potionem
1219 1037 1220 1074 l

175 1121 307 1165 currere.
354 1111 384 1165 et
415 1112 483 1185 post
511 1103 583 1166 haec
612 1103 753 1184 'epithima
781 1103 828 1165 dia
857 1111 1029 1184 spermaton
1062 1109 1114 1166 aut
1141 1103 1180 1164 dia
1219 1081 1220 1176 i

135 1205 161 1244 1⁰
175 1209 314 1254 samsucu
337 1211 484 1277 appones,
507 1201 537 1255 et
561 1193 686 1255 sanabis.

264 1281 300 1343 ad
320 1281 501 1363 epilepsiam.
533 1282 759 1344 hirundininum
776 1279 891 1362 pullum
910 1281 947 1342 de
966 1283 1110 1362 primario
1127 1281 1180 1342 fetu

175 1370 245 1433 luna
267 1373 363 1453 prima
386 1372 613 1452 apprehendens
636 1373 764 1454 aperies,
793 1378 823 1432 et
845 1371 979 1432 invenies
1003 1367 1179 1452 (lapidesin

175 1457 300 1540 ventre>
328 1479 422 1522 unum
449 1461 614 1522 formosum
637 1467 668 1521 et
691 1459 780 1522 alium
806 1459 1003 1521 malefactum.
1041 1469 1074 1522 et
1095 1461 1134 1520 ita
1152 1465 1180 1517 ut

175 1555 287 1609 terram
310 1567 371 1609 uon
398 1555 533 1630 tangant,
560 1548 665 1629 ligabis
692 1551 724 1609 in
752 1545 829 1629 pelle
851 1545 974 1609 vitulina
998 1556 1049 1610 aut
1074 1549 1180 1610 cerriua

136 1647 162 1688 1⁵
177 1645 207 1697 et
230 1639 261 1698 iu
285 1633 360 1698 collo
384 1645 435 1699 aut
458 1640 489 1698 in
512 1636 633 1699 brachio
657 1639 779 1699 sinistro
803 1637 976 1717 suspendes.

466 1795 580 1858 LXXII.
618 1796 666 1857 Ad
689 1796 896 1858 lumbricos.

265 1917 356 1982 Fiunt
374 1921 420 1983 vel
439 1929 620 2000 generantur
639 1920 792 2002 lumbrici,
815 1938 891 2000 quos
910 1919 1015 1982 Graeci
1035 1920 1179 1983 elmiuthes

176 2009 295 2091 dicunt,
317 2008 495 2090 plerumque
515 2029 550 2071 er
569 2009 662 2070 multo
686 2004 753 2070 cibo
777 2016 899 2089 accepto
921 2016 972 2069 aut
994 2010 1178 2090 indigestione

176 2098 335 2176 frequenti.
378 2099 514 2177 sequitur
537 2105 636 2159 autem
659 2097 828 2159 laborantes
851 2115 970 2158 morsus
993 2098 1136 2160 stomachi
1155 2103 1179 2156 el

137 2187 289 2245 reveneris
316 2183 406 2246 nullis
433 2184 682 2265 praecedentibus
710 2188 821 2267 causis,
850 2192 880 2246 et
908 2185 1069 2248 tussiculae
1100 2185 1178 2248 modi·

177 2274 296 2334 cissima
325 2292 360 2334 ex
389 2291 477 2336 causa
504 2283 694 2356 provocatae,
725 2277 821 2336 somni
851 2265 941 2336 etiam
972 2272 1129 2355 flegmatici
1155 2272 1179 2332 id

247 2463 363 2532 ΗΜ).
436 2462 597 2532 taprobani
613 2479 653 2534 cp.
726 2463 805 2519 radit
819 2479 860 2532 cp.
934 2463 1076 2519 offit'um
1096 2447 1180 2530 '31111

176 2550 202 2590 o:
222 2537 266 2589 ari.
285 2533 428 2595 51111..
537 2536 634 2589 trote
652 2533 741 2590 ordine
759 2540 778 2598 3
799 2533 881 2590 binas
902 2551 928 2602 c,
951 2555 973 2594 r.
1000 2533 1090 2590 orbino
1109 2549 1180 2590 sumr-

175 2605 265 2660 tabem
284 2609 328 2660 ab.
347 2549 461 2674 3151).
561 2605 634 2660 cocti
658 2624 673 2670 a
697 2606 782 2675 c1p'm
804 2606 820 2665 3
845 2605 961 2677 singl'as
985 2623 1012 2662 c:
1038 2609 1070 2661 c'c
1088 2603 1180 2685 piperi!

177 2679 221 2734 aii.
239 2683 266 2740 3.
284 2677 351 2746 Lp.
425 2680 523 2730 boum
542 2678 624 2732 aceto
637 2693 669 2746 p.
746 2676 857 2748 colligis
876 2679 941 2746 (-ῖς
959 2678 984 2740 o)
1006 2693 1047 2746 cp.
1120 2677 1180 2730 iecra

177 2747 232 2817 (feb
249 2749 273 2816 c)
293 2763 334 2817 cp.
425 2752 546 2802 bunum
559 2765 595 2818 p:
619 2741 682 2820 imo
700 2765 722 2804 o.
799 2753 949 2818 ipoicime
968 2748 1032 2803 dub'
1052 2765 1080 2816 c,
1098 2745 1180 2803 dub'i

175 2821 303 2889 portuen
312 2835 344 2887 p.
394 2815 611 2890 ¹hebitudinem
621 2835 643 2888 c,
656 2818 736 2874 iuxta
748 2819 944 2875 habitudinem
956 2837 984 2890 p.
1060 2826 1112 2876 ic.
1126 2817 1180 2872 rino

176 2888 269 2944 mulso
279 2890 312 2957 (c.
323 2889 419 2944 vinum
429 2887 550 2943 mulsum
560 2893 583 2960 o)
595 2906 636 2960 cp.
700 2894 716 2945 8
730 2890 821 2946 mulso
833 2907 883 2946 om.
894 2906 916 2946 c.
985 2897 1001 2946 9
1012 2889 1155 2961 epithimia
1162 2902 1180 2951 c,

177 2958 283 3030 epilh’e
292 2977 323 3030 p.
396 2959 504 3014 diesem
518 2977 614 3016 sucum
629 2978 651 3030 c,
666 2961 715 3016 dio
729 2965 849 3032 aasutp.
923 2966 956 3015 11
971 2960 1133 3032 epilensiem
1146 2973 1179 3026 ep.

160 3037 211 3108 ,¹²
234 3031 328 3102 prima
350 3030 418 3085 lune
435 3047 466 3100 p.
574 3031 683 3088 invenie
706 3051 793 3088 unum
812 3050 849 3102 p,
872 3032 998 3088 invenies
1020 3032 1051 3087 in
1075 3043 1181 3088 unumt

175 3104 320 3169 (lamnam
338 3102 426 3172 explet
438 3102 531 3158 Dicae.
546 3108 581 3170 2,
600 3109 644 3159 60.
679 3109 793 3159 celocem
811 3105 846 3171 ef.
863 3103 892 3160 d.
907 3104 942 3160 A.
957 3121 989 3174 p.
1008 3107 1085 3172 315).
1153 3104 1179 3154 lt

177 3190 342 3247 mulfectum
355 3205 386 3260 p.
459 3193 501 3246 et:
521 3192 626 3260 sedcp.
698 3193 740 3247 ite
757 3191 872 3261 ul'mc,
890 3191 980 3248 itaut
996 3197 1042 3248 tre
1055 3208 1086 3261 p.
1153 3193 1179 3242 14

176 3263 277 3332 tangat
295 3265 324 3318 et
341 3262 413 3332 ligas
433 3279 474 3332 ep.
567 3269 599 3318 15
619 3265 649 3318 et
667 3262 741 3318 collo
754 3280 793 3332 p,
811 3269 824 3317 i
843 3263 916 3319 collo
935 3280 957 3321 c.
1047 3263 1078 3318 in
1096 3279 1142 3318 ora.
1155 3276 1178 3328 p·

178 3368 330 3455 suspendat
348 3384 375 3437 o,
394 3345 474 3456 idid
486 3384 517 3438 p.
618 3374 651 3452 1c
670 3369 712 3423 De
729 3367 874 3424 lumbricis
890 3369 1032 3454 geperotis
1051 3386 1085 3425 ex
1102 3366 1177 3422 multo

178 3438 1045 3581 trittenillicitielithilcniilliit⁸³³⁰
1060 3456 1094 3530 ⁰³
1107 3451 1177 3495 ω
