2510 4020
488 271 703 336 ..21-

24 483 25 486 ,
94 416 294 482 medicamenti
326 415 473 476 confectio
503 413 570 475 talis
602 423 656 474 est.
698 415 916 498 cantharidum,
948 415 1099 496 sulphuris

94 508 159 586 viri,
182 505 261 566 oleae
285 503 426 564 bacarum
448 512 649 584 purgatarum,
672 502 838 566 chalcanthi
861 507 886 558 ἰ
909 513 1078 588 quaternas,
1093 498 1131 588 ln·
1147 515 1191 557 1⁸2·

93 597 163 672 picis
185 593 312 672 liquidae
337 597 363 648 7.
385 590 412 652 ll
435 592 575 652 conficies
598 599 629 652 et
647 594 749 658 uteris,
796 593 866 655 iacit
885 601 915 655 et
932 594 969 654 ad
987 596 1100 674 rizony-

94 681 170 742 chias
192 681 221 742 id
245 689 291 742 est
313 681 428 742 radices
451 682 595 759 unguium
621 679 827 743 excludendas.

1118 785 1186 831 suppl.

352 821 454 900 [Xllll.
492 822 540 882 Ad
563 821 657 884 labia
680 822 825 886 hiantia.
991 867 994 873 .
1139 836 1180 875 111.

175 937 264 1000 Labia
292 939 402 999 hiantia
430 939 491 998 sive
518 938 647 1017 ¹crispata
675 937 780 1000 Graeci
810 939 886 1000 chile
917 947 1103 1018 catcrrogota

93 1035 199 1090 vocant.
241 1036 272 1089 et
300 1034 444 1088 curantur
471 1025 528 1086 hoc
550 1026 648 1087 modo.
689 1030 737 1088 ovi
759 1029 933 1090 interiorem
956 1027 1101 1090 membra·

92 1135 154 1176 nam
181 1134 326 1198 appones,
354 1123 405 1177 aut
433 1114 527 1195 adipis
554 1117 685 1177 anserini
713 1134 799 1177 cerae
826 1120 942 1178 resinae
972 1115 1101 1178 terebin-

93 1207 165 1266 tinae
192 1207 327 1266 omnium
354 1206 445 1264 trium
473 1206 555 1284 paria
582 1205 716 1285 pondera
743 1207 774 1265 in
802 1223 862 1266 uno
889 1205 970 1267 lento
993 1223 1101 1286 vapore

93 1293 293 1355 commiscebis
317 1301 347 1354 et
375 1294 407 1352 in
430 1290 600 1353 membrana
623 1292 659 1354 de
683 1311 777 1353 canna
799 1293 938 1355 illinitum
962 1308 1141 1375 appones.1o

91 1382 257 1443 membrana
288 1381 323 1442 de
357 1398 450 1442 canna
482 1380 592 1441 dicitur
623 1380 696 1442 illud
725 1382 886 1443 rotundum
917 1383 996 1462 quod
1024 1385 1102 1442 intra

92 1489 210 1532 cannam
233 1472 393 1531 invenitur.
430 1468 508 1529 aliud
527 1469 563 1529 ad
582 1469 701 1548 ragadia
723 1478 755 1530 et
777 1470 812 1530 ad
832 1469 932 1531 ulcera
954 1473 985 1532 in
1009 1469 1102 1532 labiis.

91 1558 189 1638 gallam
218 1567 249 1620 et
277 1559 420 1618 masticen
448 1556 563 1636 aequali
590 1559 677 1619 modo
701 1567 839 1620 conteres
867 1569 898 1621 et
927 1578 996 1621 eum
1019 1562 1102 1640 isppo

91 1657 118 1708 et
140 1649 226 1709 melle
250 1648 340 1707 attico
364 1655 415 1706 aut
438 1646 522 1725 adipe
546 1650 684 1708 anserino
709 1651 811 1708 uteris.

427 1785 486 1847 XV.
523 1787 571 1848 nd
595 1788 762 1849 scabiem.
1116 1803 1142 1843 15

175 1903 298 1966 Scabies
330 1921 347 1964 a
379 1901 529 1963 veteribus
557 1902 632 1963 duae
662 1921 727 1964 esse
755 1901 929 1982 probantur.
970 1921 1029 1965 una
1057 1912 1103 1965 est

24 2043 25 2046 ,
91 2010 228 2072 squamea
251 1992 328 2053 fusci
352 1991 469 2071 coloris,
493 2008 581 2069 quam
604 1990 733 2053 scabiem
757 2008 945 2071 squamosam
968 1991 1103 2074 dicimus,

91 2082 235 2160 siquidem
267 2081 429 2142 corticosas
461 2078 630 2158 squamulas
661 2082 693 2140 in
727 2089 795 2142 cute
835 2080 996 2142 ostendunt
1029 2099 1102 2160 quas

157 2233 317 2289 candaridas
334 2250 360 2303 p,
379 2232 515 2286 -darum
528 2248 574 2301 pe,
675 2233 791 2303 sulphur
809 2233 905 2289 vivum
922 2251 940 2304 p
960 2233 1029 2304 (perc.
1044 2238 1101 2304 pc).

91 2306 213 2361 toleee:
235 2304 291 2358 elei
308 2320 349 2373 pc,
368 2303 424 2358 olei
437 2319 467 2372 p.
541 2305 642 2358 baccas
660 2303 773 2372 (baedae
789 2307 829 2360 eie
838 2307 871 2374 p)
889 2309 1024 2375 purgatas
1042 2323 1101 2376 pop.

91 2376 207 2432 calcanti
227 2374 345 2445 (celanti
363 2377 388 2444 c)
406 2390 459 2444 ppo
476 2373 504 2444 (i.
519 2373 634 2430 ritriola
650 2376 691 2431 sic
708 2391 795 2444 surpra
807 2393 834 2445 p,
853 2377 921 2445 efip
940 2378 977 2431 ad
991 2393 1013 2431 c.
1030 2377 1102 2444 XI).

91 2449 239 2514 quaternas
256 2462 301 2516 pc:
321 2445 375 2500 IllI
389 2461 421 2514 p.
493 2451 509 2499 3
529 2445 642 2500 conficis
659 2462 718 2515 pop.
796 2446 950 2503 rizonichia
968 2447 1103 2516 91)(οωί-

91 2519 209 2573 eorichia
228 2519 261 2586 c).
347 2516 559 2571 doxducendes
573 2533 604 2585 p.
677 2515 859 2570 praealbis,
877 2517 968 2571 mecia
981 2534 1012 2586 p.
1086 2524 1102 2572 6

89 2588 173 2645 habia
195 2588 330 2657 maciap
353 2591 388 2656 (et
412 2588 444 2642 in
465 2603 552 2656 mcrp.
576 2602 645 2642 corr.
664 2586 683 2640 i.
707 2585 815 2656 ianlia).
924 2586 1046 2658 crispata
1066 2604 1101 2657 p:

91 2678 189 2747 crepl'a
208 2694 231 2732 e.
304 2678 451 2747 cahogata
464 2692 495 2744 p,
515 2676 676 2745 eaterogeta
694 2691 709 2730 c
725 2674 801 2740 (Gal.
820 2675 910 2742 XIV,
923 2680 988 2732 424.
1027 2674 1102 2730 Oreo.

91 2763 145 2817 coep.
160 2753 187 2816 4,
207 2753 263 2816 57).
373 2754 388 2802 't
414 2746 465 2802 Oui
486 2746 619 2801 interiore
637 2764 673 2800 m.
689 2763 724 2816 p,
751 2745 834 2801 Omni
856 2747 926 2802 teris
944 2763 981 2801 m.
1001 2763 1016 2802 c
1034 2745 1101 2817 (eie).

90 2821 185 2888 aera'pree'
204 2819 252 2874 ovi
270 2835 303 2873 eac
323 2817 399 2874 Plio.
419 2823 467 2884 29,
486 2821 531 2874 46.
633 2823 649 2873 8
668 2817 780 2888 adipem
799 2817 957 2872 anserinum
976 2833 1037 2872 cere
1055 2824 1103 2872 etc.

87 2906 128 2956 pc.
237 2896 253 2944 9
273 2889 397 2944 omnium
414 2888 501 2942 trium
524 2905 551 2943 c:
574 2905 624 2943 cnr.
639 2905 670 2958 p.
778 2906 834 2943 uno
849 2905 885 2958 p,
904 2895 953 2944 uio
976 2889 1061 2958 (rino)
1081 2906 1102 2944 c.

90 2960 162 3016 lento
181 2977 232 3016 om.
253 2977 275 3015 c.
349 2966 382 3014 10
401 2959 564 3014 commisces
578 2961 645 3029 c(p).
719 2961 747 3014 eb
764 2959 928 3014 membrana
946 2960 981 3013 do
998 2967 1031 3014 ca
1046 2961 1051 3028 Ι
1066 2975 1104 3014 na

91 3030 189 3086 dieitur
219 3033 272 3097 (alc
297 3033 364 3086 med.
389 3047 452 3099 om,
480 3047 550 3100 quoe
577 3036 668 3095 tarsen
689 3031 778 3100 suppl.
807 3046 875 3086 corr.
900 3033 932 3086 in
954 3035 1053 3099 merp.)
1071 3046 1102 3099 p.

93 3107 122 3155 12
140 3103 248 3172 ragada
270 3105 300 3157 et
322 3103 416 3156 ulcera
429 3119 460 3171 p.
570 3108 602 3156 13
626 3101 743 3156 mastica
766 3118 800 3156 ex
824 3101 919 3170 equali
936 3101 1020 3156 modo
1040 3117 1104 3155 con·

90 3173 159 3227 teres
179 3190 206 3228 c:
226 3173 341 3228 mastica
361 3190 433 3242 equo
452 3173 577 3228 cauteres
592 3173 653 3242 (sic)
667 3190 697 3243 p.
771 3189 835 3227 oum
854 3188 920 3227 suco
934 3171 1008 3241 isopi
1023 3171 1104 3226 attici

92 3246 138 3299 aut
156 3243 241 3314 adipe
259 3260 286 3314 c,
306 3261 368 3298 cum
391 3244 472 3312 isopo
491 3243 566 3298 abico
586 3245 645 3312 (ubi
664 3244 738 3299 atico
752 3261 787 3298 eac
800 3246 880 3306 carr.)
906 3245 956 3298 aut
974 3242 1056 3312 adipe
1071 3257 1102 3310 p.
1149 3306 1151 3310 7

91 3312 399 3455 nmmum
413 3315 596 3439 orm
611 3315 687 3454 pq
706 3313 752 3440 r·
868 3315 1016 3452 reem

124 3426 131 3438 ·
232 3427 238 3440 ·
401 3428 406 3440 ·
723 3427 729 3439 ·
1017 3425 1024 3452 r

91 3471 155 3593 qnepi
174 3472 232 3595 tc.)
291 3472 444 3512 scamosem
472 3472 512 3525 cp.
605 3429 642 3511 18'
661 3457 799 3511 seamulas
825 3471 846 3512 c.
938 3453 1103 3523 ostenditp

105 3555 132 3564 -
155 3545 174 3580 n
207 3543 242 3582 c.
