2510 4020
477 268 691 332 ‚43-

75 420 225 474 vocantur.
268 418 298 472 et
325 420 396 474 sunt
423 415 586 475 curationis
613 411 751 475 difficilis.
794 421 958 475 nascuntur
988 416 1019 478 in
1042 433 1088 475 ca·

76 501 223 581 cochymis
248 499 425 581 corporibus
446 502 477 563 id
501 510 547 564 est
570 501 646 563 malo
668 501 793 563 humore
817 504 972 581 possessis.

160 598 208 652 est
230 591 342 650 iterum
366 589 445 651 aliud
473 608 568 670 genus
591 591 757 652 scrofarum
781 591 902 653 minime
926 590 1089 653 adhaerens

77 679 124 740 sed
151 680 249 760 magis
278 677 333 739 sub
357 686 425 740 cute
454 687 558 742 natans
586 687 617 740 et
643 678 771 759 plurima
793 682 912 740 natione
940 678 1089 759 pullulans

55 770 148 830 sicut
176 786 275 848 genus
301 785 477 849 porcorum,
504 766 584 830 unde
611 770 721 857 iterum
754 769 868 830 scrofae
901 786 1011 830 nomen
1043 783 1117 830 acs

77 864 227 938 ceperunt.
271 864 436 928 nascuntur
463 864 497 918 ut
524 874 614 936 supra
643 856 756 918 dictum
779 864 826 918 est
854 855 1036 937 glandulosis
1058 859 1089 918 in

76 945 156 1027 locis,
184 953 219 1007 ut
249 947 281 1006 iu
304 951 425 1024 gutture
448 944 495 1005 vel
518 944 574 1006 sub
598 945 643 1005 ala
666 953 716 1006 aut
743 947 775 1006 iu
803 947 938 1028 inguine,
966 953 997 1007 et
1020 953 1090 1007 sunt

77 1035 132 1095 sive
156 1035 310 1113 chirurgia
333 1035 393 1094 sive
418 1033 641 1095 medicamentis
664 1035 817 1095 curatione
841 1034 951 1096 faciles.

159 1130 287 1203 propter
310 1140 345 1182 ea
367 1123 530 1184 curationis
557 1131 692 1202 temporo
720 1122 818 1184 dialon
841 1123 1089 1185 medicamentum

78 1211 196 1273 inierius
216 1229 273 1272 suo
295 1210 361 1272 loco
381 1213 584 1290 conscriptum
602 1229 741 1292 appones
778 1213 861 1274 novit
877 1214 958 1272 euim
976 1212 1089 1272 scrofas
1105 1228 1130 1266 ro

78 1300 186 1361 solvere
205 1309 238 1361 et
260 1301 293 1361 in
316 1298 441 1380 lptrmore
460 1299 622 1379 purulento
641 1318 798 1361 conversas
821 1318 876 1379 per
899 1318 989 1380 poros
1012 1302 1089 1361 cutis

80 1387 233 1450 desiccare.
267 1395 320 1449 aut
338 1397 419 1450 certe
440 1387 547 1449 meline
561 1387 733 1468 Vespasiani
751 1387 929 1469 appellatum
949 1405 1088 1468 appones,

79 1485 106 1536 et
126 1496 193 1539 oum
215 1477 329 1538 videris
358 1495 448 1557 supra
473 1476 567 1538 dictas
591 1478 704 1539 scroias
727 1479 758 1538 in
782 1477 924 1538 sauiolam
947 1478 1089 1552 converti,

80 1563 222 1646 churtrgia
258 1566 353 1628 uteris
388 1573 419 1626 et
455 1565 621 1627 secundum
657 1568 802 1628 rationem
840 1564 972 1648 curabis,
1009 1563 1088 1644 quod

81 1651 177 1716 Graeci
199 1665 267 1716 cata
290 1653 378 1734 logon
401 1661 515 1715 vocant.
614 1645 620 1664 '
1104 1667 1129 1706 15

364 1813 479 1875 XXVll.
515 1814 564 1875 nd
588 1821 808 1875 steatomata.

162 1937 343 2002 steatomata
371 1939 512 2000 dicuutur
540 1937 665 1998 durities
693 1939 725 1998 in
753 1934 976 1998 similitudinem
1009 1954 1089 1998 scro-

83 2024 169 2088 larum
193 2035 383 2107 emergentes
405 2026 493 2107 paulo
520 2029 653 2106 potiores
677 2035 707 2086 et
730 2025 893 2107 molliores,
922 2041 997 2104 quae
1021 2043 1089 2086 cum

82 2112 164 2192 digito
189 2116 303 2178 luerint
325 2119 487 2196 impressae
515 2115 626 2177 cedunt
654 2133 687 2175 ac
712 2122 886 2196 resurgunt,
914 2114 1009 2194 adipis
1032 2113 1089 2176 cal·

82 2198 131 2262 losi
157 2205 329 2284 qualitatem
357 2207 434 2265 iutra
463 2223 494 2264 se
524 2207 720 2266 continentes.
766 2202 846 2264 unde
873 2205 937 2283 ipso
970 2205 1130 2265 nominem

148 2401 160 2447 1
180 2394 339 2451 curationes
357 2390 448 2447 diffict
465 2410 483 2463 9
501 2391 654 2463 (cumidem
673 2390 802 2445 difficiles
821 2393 855 2460 c),
874 2392 1018 2447 curatione
1037 2391 1090 2446 dif-

83 2459 161 2518 ficiles
179 2482 209 2534 p.
303 2463 458 2533 oacooymis
481 2480 512 2534 9,
538 2462 705 2548 oaclmzimis
729 2479 755 2530 c,
781 2461 943 2517 caoocismis
962 2461 1091 2532 (-cisini

84 2556 139 2606 anu
156 2555 237 2622 corr.)
252 2570 282 2624 9.
356 2551 444 2606 eust
461 2551 563 2607 iterum
582 2551 616 2621 (Ε
635 2551 708 2606 iterii
726 2567 752 2620 9,
771 2551 821 2606 ubi
839 2567 854 2605 e
873 2567 906 2604 eo
924 2549 935 2603 i
953 2566 1022 2606 corr.
1041 2551 1091 2620 qui

84 2622 135 2676 cult
147 2621 257 2694 Ostorii)
270 2640 330 2695 pop.
403 2622 530 2678 minime:
545 2627 610 2678 noie
625 2621 758 2691 (nomine)
775 2637 796 2677 c.
869 2620 1089 2679 adherentes...
1114 2669 1116 2675 .

84 2695 202 2750 natantes
219 2738 224 2751 .
241 2739 248 2752 .
266 2737 272 2750 .
287 2693 448 2764 pululantes
466 2685 656 2765 (pululacione
674 2691 847 2763 pullulantes
865 2694 903 2763 cl)
919 2709 963 2775 pc,
983 2691 1090 2746 -tium

85 2791 176 2850 conopeo
189 2801 219 2852 p.
293 2783 444 2838 auctione
461 2800 507 2855 pc:
527 2781 683 2838 variatione
696 2799 727 2852 9.
823 2786 839 2836 5
859 2780 935 2836 acroi
949 2797 1052 2852 nomen
1064 2799 1091 2852 9,

86 2865 177 2907 nomen
190 2855 297 2911 scrofas
312 2873 335 2922 c,
348 2870 451 2909 nomeu
464 2854 553 2909 scrofa
562 2871 592 2923 p.
667 2859 681 2906 'l
701 2853 731 2907 in
748 2853 864 2977 inprime
879 2869 894 2908 c
912 2852 951 2922 (in
970 2869 1020 2908 om.
1035 2855 1090 2924 99).

87 2924 308 2996 tcurationesp
328 2927 409 2995 (-ne
427 2927 479 2995 pc).
552 2923 697 2980 edialoon
714 2940 755 2995 9ο,
793 2924 867 2978 mles>
882 2941 905 2994 p
923 2925 971 2992 (cf.
990 2941 1013 2980 c.
1032 2929 1090 2992 21).
1204 2927 1207 2930 ’

88 3012 117 3060 10
133 3016 204 3069 scroi
219 3032 244 3086 9.
336 3020 369 3069 11
390 3030 406 3078 z
425 3014 454 3068 et
471 3013 501 3068 in
519 3014 547 3068 h.
565 3031 591 3085 9.
673 3012 703 3066 in
721 3010 838 3067 humore
856 3014 1006 3082 purulento
1025 3028 1090 3067 con-

87 3095 171 3138 versas
184 3087 341 3154 (conversos
355 3101 378 3151 c,
392 3101 527 3140 converso
536 3087 570 3155 p)
577 3101 638 3156 pcp.
712 3089 744 3137 tn
760 3083 864 3139 melitae
877 3101 910 3156 9ο
923 3083 1038 3154 (molius
1048 3087 1090 3153 9).

90 3152 117 3202 13
135 3155 267 3212 saniolam
285 3173 326 3226 9ο,
345 3156 423 3210 -las
436 3174 467 3226 9.
556 3161 590 3211 14
608 3153 756 3223 oirunigia
772 3155 836 3222 (sic)
853 3173 878 3226 9.
962 3160 995 3209 15
1015 3157 1090 3210 cata-

88 3215 165 3290 logos
181 3244 220 3296 pc,
239 3229 369 3298 catalogo
383 3244 414 3297 p.
486 3227 590 3282 vocant
608 3243 640 3296 9:
659 3225 806 3295 appellant
824 3242 865 3295 cp.
939 3231 972 3280 ta
991 3227 1033 3280 tit.
1047 3224 1091 3279 Ad

90 3307 266 3373 ateathomata
296 3311 477 3385 (aestumare
497 3317 520 3383 c)
538 3332 579 3385 pc,
597 3315 640 3369 De
659 3312 761 3368 duritie
780 3313 866 3369 simili
886 3313 1000 3369 dudtiei
1018 3330 1092 3369 acro·

90 3373 235 3457 fulammp
253 3389 295 3456 (in
313 3390 371 3445 md.
391 3403 470 3458 capp.
489 3387 533 3442 Ad
553 3386 726 3454 steatomas).
800 3389 832 3439 17
851 3384 1048 3440 Steathomata
1064 3401 1091 3454 9,

92 3442 290 3522 §scenomata
308 3477 323 3514 c
339 3462 415 3527 (item
432 3459 512 3526 infra
526 3475 556 3528 9.
575 3461 620 3524 44,
639 3458 677 3522 1).
756 3453 873 3510 durities
892 3459 978 3528 pap).
1057 3461 1090 3509 te

92 3529 203 3599 luprassp
221 3532 295 3599 9(p):
315 3547 443 3602 expresse
462 3547 484 3587 c.
