2510 4020
509 262 701 328 -5..

91 409 141 468 his
169 410 200 468 in
228 425 288 467 uno
317 405 405 466 simul
433 425 502 468 eum
528 416 611 468 aceto
639 417 670 470 et
696 426 818 472 rosaceo
847 410 912 472 olco
940 420 991 473 aut
1016 431 1109 492 spano

93 497 247 558 concoctis
275 503 363 575 eaput
391 494 576 556 embroeahis
604 505 634 558 et
660 505 729 577 post
755 499 996 561 fomentationem
1026 504 1110 562 tenui

92 586 160 648 lana
188 586 342 664 cooperies
367 592 396 645 et
424 583 536 663 ligabis.
577 587 741 665 posthaec
765 598 794 648 et
817 589 946 649 frontem
969 590 1109 669 cataplas-

92 673 189 736 mabis
218 672 376 752 amygdalis
404 675 511 734 amaris
538 676 617 736 tritis
645 684 697 738 aut
723 675 805 737 molli
837 695 904 738 rosa
935 679 996 738 sive
1028 679 1110 740 arida

90 765 192 826 iniusa
225 769 256 822 et
287 761 386 840 puleio
416 762 554 824 admixto.
606 764 761 844 aiiqtaando
795 783 830 826 ex
862 784 937 846 pane
966 775 996 828 et
1025 777 1136 828 aoeto⁵

92 858 211 914 mentae
235 849 313 911 foliis
336 859 387 912 aut
409 853 520 931 persici
542 852 680 915 admixto.
717 853 790 914 haee
814 857 912 916 omnia
935 864 1025 918 erunt
1051 856 1109 916 ire·

92 949 222 1020 quenter
250 939 397 1000 mutanda.
440 942 512 1001 item
535 941 614 1002 aliud
640 941 719 1021 quod
744 941 943 1004 adhibendum
965 943 1110 1024 probatur

92 1030 206 1109 dispari
228 1036 397 1108 temporum
417 1028 525 1110 dolori,
548 1047 616 1091 nam
639 1031 745 1093 Graeci
764 1036 978 1094 eterocraniam
994 1042 1110 1110 vocant,

91 1127 127 1180 ut
146 1125 205 1178 est:
229 1134 336 1178 erucae
356 1135 458 1178 semen
478 1125 507 1178 et
526 1118 665 1180 nucleum
689 1120 725 1180 de
744 1123 869 1200 persicis
888 1121 1003 1201 aequali
1022 1122 1109 1182 modo

91 1215 245 1286 conteres,
273 1224 309 1267 ex
332 1213 416 1267 aceto
440 1205 572 1268 oblinies.
606 1207 694 1270 aliud.
724 1209 809 1270 aloen
837 1217 867 1270 et
894 1213 1110 1272 ammoniacum
1125 1225 1151 1264 ιο

91 1305 124 1357 ct
144 1296 290 1356 masticen
315 1313 384 1355 eum
406 1302 491 1356 aceto
514 1304 595 1356 teres
618 1305 649 1359 et
671 1297 776 1358 illines.

181 1383 218 1444 ad
251 1385 433 1444 emicranion
466 1401 535 1444 vero
564 1385 644 1445 aloes
678 1394 708 1446 et
735 1390 978 1466 crocomagmatis
1010 1396 1110 1468 partes

89 1473 191 1553 binas,
215 1471 344 1532 euforbii
361 1479 477 1552 partem
500 1491 589 1534 uuam
608 1492 677 1538 oum
695 1483 779 1536 aceto
803 1483 898 1557 teres,
921 1484 1041 1558 tempus
1059 1477 1111 1538 ob·

89 1562 187 1622 linies.
229 1558 282 1620 sed
315 1562 341 1620 si
369 1563 478 1621 nimius
509 1562 599 1623 fuerit
628 1562 725 1644 dolor,
757 1564 875 1625 sacculo
911 1566 1003 1627 calida
1036 1583 1111 1646 aqua

89 1651 191 1712 infuso
221 1656 251 1710 et
279 1667 433 1730 expresso,
461 1658 533 1710 tunc
561 1651 675 1712 torrido
699 1652 759 1714 sale
782 1652 910 1736 repleto,
942 1657 1040 1734 primo
1065 1673 1109 1715 va·
1126 1670 1151 1710 rs

89 1738 212 1820 porabis
245 1745 274 1798 et
306 1745 374 1816 post
407 1741 626 1818 vaporationem
659 1742 799 1802 sudorem
832 1742 969 1822 deterges
1000 1754 1030 1804 et
1067 1746 1110 1804 sio

91 1828 342 1889 medicamentum
366 1843 457 1906 supra
479 1826 591 1889 dictum
616 1847 755 1909 appones.
793 1832 880 1890 etiam
901 1839 931 1891 ct
950 1850 1005 1910 per
1023 1849 1110 1892 nares

166 2042 178 2088 1
199 2034 243 2090 hia
258 2079 264 2092 .
281 2079 287 2091 .
303 2079 309 2090 .
325 2033 465 2091 concoctis
484 2050 520 2104 p:
540 2035 620 2090 'haee
635 2076 641 2088 .
659 2077 686 2090 ..
706 2038 842 2092 concocta
861 2039 906 2106 (cii
926 2039 1008 2093 cocis
1026 2041 1051 2107 c)
1069 2056 1110 2111 pc.

91 2123 181 2177 spano
203 2108 344 2178 papatis.
369 2106 501 2177 hispano,
523 2123 557 2161 eo·
578 2123 676 2177 praeco
699 2103 808 2162 σπανόν
832 2109 867 2175 cs.
892 2108 955 2164 Gai.
973 2115 1025 2178 12,
1049 2116 1111 2168 513.

90 2185 123 2250 90
144 2180 218 2232 inter
236 2179 285 2233 lin.
310 2179 374 2234 cdd.
398 2182 470 2247 porri
489 2203 523 2224 =
542 2179 636 2248 puro):
664 2178 762 2262 ispano
777 2185 820 2248 ΡΟ.
911 2182 940 2235 ei
962 2180 1111 2251 fenugreeo

90 2250 157 2305 odd.
172 2255 208 2318 p⁰
226 2254 290 2318 poet
314 2264 410 2318 spano.
501 2255 517 2303 2
543 2249 731 2304 embroccius:
756 2267 865 2320 numme
887 2267 975 2320 supro
998 2268 1049 2307 aar.
1073 2259 1111 2322 9⁰.

91 2328 108 2374 3
129 2319 274 2388 cooperies
288 2338 323 2390 p:
344 2319 512 2390 co[c]operis
530 2337 561 2390 p,
580 2320 706 2391 cooperis
725 2337 747 2376 c.
828 2322 858 2376 et
876 2321 931 2390 (ir.)
949 2338 995 2395 pc:
1015 2339 1065 2377 om.
1080 2341 1112 2392 p.

91 2390 243 2474 opulegio
267 2390 373 2474 ammte
397 2406 418 2446 c.
510 2390 685 2460 aliquantulo
707 2392 788 2462 panis
813 2395 842 2447 et
864 2394 945 2448 aceio
964 2395 993 2449 et
1018 2397 1112 2448 mente

89 2463 168 2517 foliis
186 2465 237 2516 aui
254 2478 365 2530 persica,
406 2461 459 2516 hae
478 2466 524 2517 etc.
540 2479 563 2531 p
582 2465 642 2531 (eoo
665 2465 773 2532 quidem
791 2479 894 2530 errore,
917 2481 983 2518 nom
1002 2465 1112 2519 dativus

91 2532 238 2604 estfoliis).
312 2550 346 2587 ex
359 2550 389 2603 p:
405 2535 434 2586 et
448 2549 470 2586 e.
543 2534 963 2602 aadmixtoutcompooloo).
1035 2534 1112 2589 Haec

88 2622 108 2729 p
127 2599 157 2672 (h'
173 2605 220 2673 p):
239 2604 299 2658 Nec
317 2601 353 2659 οἶ
412 2605 602 2672 Stemporum
618 2606 663 2673 (ef.
679 2605 772 2676 Semi:
790 2607 917 2675 tempore
930 2621 989 2675 pop.
1056 2605 1111 2688 ‘do-

102 2692 159 2730 ons
172 2692 214 2745 pc,
234 2679 263 2729 et
280 2674 376 2730 dolore
390 2690 421 2744 p.
494 2673 568 2729 Nam
582 2691 626 2746 pc:
645 2675 721 2744 quod
735 2677 776 2745 (q)
786 2693 817 2745 p.
890 2676 1113 2731 etherocramsm

89 2763 132 2818 pc,
151 2745 334 2802 ethorocania'o
349 2747 409 2814 (eie)
419 2763 449 2815 p.
523 2752 539 2799 9
558 2746 593 2800 de
607 2747 723 2816 persicis
741 2762 788 2819 epo
805 2747 897 2811 (Plio.
911 2752 961 2814 23,
973 2751 1030 2803 132
1049 2747 1113 2802 item

90 2818 171 2873 Plio.
187 2819 258 2884 ico,
277 2817 410 2888 ὕψι).
430 2815 550 2886 desuper
568 2819 627 2887 (aie)
646 2835 706 2888 ppo.
778 2819 830 2873 sub
849 2824 913 2874 acte
933 2817 1029 2892 equali
1047 2819 1112 2874 add.

88 2905 112 2943 c.
196 2904 229 2943 ex
256 2905 283 2944 c:
313 2891 342 2943 et
368 2905 399 2970 p,
427 2890 442 2942 d
468 2889 553 2957 (cnm)
573 2906 603 2958 p.
682 2895 716 2943 10
739 2889 858 2971 oblinias
883 2905 927 2962 pc:
952 2888 1061 2944 oblines
1080 2907 1111 2958 p.

89 2960 153 3014 aloe
167 2977 199 3028 p.
282 2975 460 3015 amomacum
477 2976 514 3029 pp
533 2959 627 3027 (aloen
646 2976 836 3016 ramemaoum
855 2962 888 3029 a).
981 2965 1013 3014 11
1033 2962 1064 3014 et
1075 2978 1111 3029 p:

89 3046 204 3156 dud
284 3031 600 3172 mistretam
616 3049 645 3171 a
663 3030 765 3156 urm
784 3033 1112 3172 “wittimipissfiss

88 3118 136 3244 gp,
155 3117 317 3228 emioyrgnon
335 3189 357 3227 c.
454 3171 531 3226 aloes
542 3175 578 3254 ‘ei
597 3120 880 3259 crocomagmpiiiisup:
903 3173 986 3230 eloen
1005 3176 1034 3228 ei
1052 3189 1112 3228 cro·

89 3260 305 3390 domiai
355 3242 597 3396 ‚struma
613 3245 908 3387 diudicium·
923 3245 1112 3397 moreat

90 3403 114 3442 ⁰·
127 3388 216 3512 u
439 3387 596 3512 emet
610 3389 631 3441 t·
646 3404 677 3456 Ρ·
721 3389 876 3511 ..Ἢ
894 3387 1109 3512 masaa·

89 3458 268 3599 gaecnloespoq·
322 3532 354 3580 15
373 3527 441 3581 iuno
458 3496 509 3580 ’om
524 3544 555 3595 p.
597 3476 662 3583 Pii
681 3545 732 3598 per
750 3545 799 3583 oro.
814 3498 875 3596 p..
939 3475 958 3526 p
1104 3498 1110 3508 ⁶
