2510 4020
445 248 668 312 ..31-

62 387 226 450 densissime
246 393 431 472 constringes
454 392 535 472 quod
558 395 706 455 attenuari
729 397 833 476 possit,
855 406 887 457 et
907 415 975 458 enm
999 398 1064 460 dili·

61 486 157 556 genter
173 480 331 541 siccaveris
347 479 444 542 solves
464 489 494 543 et
512 483 578 543 eius
596 483 787 562 asperitatem
806 483 944 564 scalpello
967 486 1064 568 radas,

61 566 140 627 etad
162 566 281 629 modum
311 569 465 632 foraminis
487 570 604 632 fistulae
627 573 689 632 sive
712 571 906 650 longitudinis
929 575 990 634 sive
1014 593 1061 635 ro·

60 653 132 716 boris
149 656 262 717 incides
280 664 311 718 et
328 659 447 741 inicicS,
470 666 501 720 at
519 677 611 739 snper
630 659 823 740 emplastrum
840 663 1063 724 tenacissimum

60 761 180 823 appones
202 753 233 806 et
254 744 372 827 ligabis,
394 754 427 809 et
448 749 528 809 sines
553 748 600 809 die
624 755 654 810 et
675 756 773 810 nocte.
815 757 846 810 et
872 751 982 811 iterum
1006 750 1089 816 alios

58 851 158 912 papyro
195 833 284 913 paulo
315 833 485 897 robustiore
523 836 664 919 mutabis,
701 836 781 917 quod
816 855 960 918 papyrum
993 848 1061 900 ante

58 921 260 984 medicamento
293 923 449 1002 ectplotico
481 924 512 986 id
542 933 589 986 est
621 925 808 1000 excallatorio
840 927 917 988 inira
950 929 1062 1008 scripto

58 1027 116 1070 cum
138 1009 253 1072 modico
276 1018 361 1072 aceto
385 1013 474 1074 etad
497 1013 601 1075 horam
619 1015 690 1074 trito
715 1013 804 1096 lines,
828 1023 858 1076 et
881 1017 925 1076 sic
948 1018 1061 1079 inicias.

58 1098 102 1159 sed
123 1101 148 1160 si
173 1099 252 1161 torte
279 1109 380 1161 tumor
407 1102 499 1163 luerit
527 1103 685 1183 excitatus,
716 1103 892 1183 cataplasma
916 1107 1060 1185 superim-

57 1205 138 1265 pones
165 1206 201 1249 ex
229 1205 306 1268 aqua
333 1189 428 1250 mulsa
455 1197 487 1250 et
513 1190 629 1251 modico
657 1209 779 1252 rosaceo
808 1192 986 1254 coniectum.
1031 1202 1061 1254 et
1075 1221 1101 1261 ιο

57 1275 190 1353 quomodo
223 1275 339 1338 accedit
369 1279 542 1361 patefactio,
574 1278 700 1340 subinde
732 1298 787 1360 por
826 1281 959 1360 singulos
996 1281 1059 1343 dies

56 1362 151 1425 robora
168 1367 318 1426 crassiora
336 1369 441 1447 papyri
459 1367 622 1448 innovabis,
645 1366 740 1429 donec
759 1369 944 1430 sufficienter
962 1369 1060 1430 fistula

56 1454 160 1530 patefiat
188 1463 219 1516 et
247 1454 408 1516 callositate
440 1457 597 1517 interiecta
620 1464 727 1518 carcat
764 1456 817 1517 sed
846 1459 871 1518 si
901 1458 978 1518 torte
1002 1457 1059 1518 cal·

56 1538 144 1604 lositas
161 1545 284 1604 minime
308 1543 399 1604 fuerit
422 1553 538 1626 secuta,
561 1547 650 1607 etiam
674 1553 705 1606 et
722 1551 832 1606 xantou
851 1545 1059 1608 medicamenti

55 1638 141 1706 partes
164 1631 239 1693 duas
259 1633 361 1693 mittes
383 1640 414 1693 et
437 1635 612 1694 ammoniaci
634 1642 751 1713 partem
772 1651 863 1695 unam
882 1653 951 1696 cum
974 1644 1058 1696 aceto
1073 1662 1099 1704 15

56 1724 131 1800 teres,
148 1720 245 1782 donec
259 1720 355 1780 mellis
370 1721 598 1783 erassitudinem
614 1731 719 1783 sumat.
751 1729 824 1783 tunc
842 1722 950 1784 illitum
964 1726 1057 1786 scisso

55 1803 161 1869 linteolo
183 1809 362 1870 lemniscum
383 1811 490 1871 inicias
514 1819 544 1871 et
567 1828 636 1872 eum
659 1809 801 1891 calcabis,
823 1810 919 1872 donec
941 1812 1057 1891 repleas

55 1893 153 1958 fistulae
182 1915 347 1959 cavernam.
389 1907 420 1958 et
445 1905 602 1978 postquam
625 1899 735 1960 videris
762 1897 839 1960 bena
871 1899 964 1960 fuisse
986 1918 1057 1979 pur-

55 1989 148 2066 gatam,
175 1985 307 2066 collyriis
334 1986 370 2047 ad
398 1983 501 2048 horam
533 1987 619 2048 factis
647 2005 684 2048 ax
712 1985 798 2048 melle
829 1986 978 2067 pastillato
1007 1987 1056 2049 ad·

55 2073 131 2134 mixto
162 2074 314 2155 cephalica
349 2075 564 2138 medicamento
601 2075 825 2155 diligentissime
862 2074 1056 2139 carnificabis
1070 2106 1097 2146 20

55 2159 96 2220 sed
125 2165 150 2223 si
176 2164 256 2225 forte
284 2163 418 2225 nuditate
447 2165 508 2225 ossi
534 2162 580 2224 vel
617 2183 655 2226 cx
685 2165 844 2244 putredine
874 2165 969 2245 ipsius
996 2168 1057 2227 ossi

54 2251 250 2327 superinducta
274 2251 381 2333 lepide,
404 2270 493 2333 quam
515 2271 570 2313 nos
590 2252 773 2332 squamulam
793 2253 930 2334 dicimuS,
954 2272 1056 2315 curam

53 2335 175 2415 impediri
197 2342 342 2422 senseris,
368 2359 405 2402 ex
427 2341 568 2402 melotide
591 2342 689 2402 lerrea
712 2340 817 2402 leviter
835 2341 966 2402 radendo
984 2361 1055 2423 pur·

53 2423 123 2500 gabis
145 2437 174 2489 et
197 2431 241 2490 sic
265 2447 354 2509 supra
378 2429 457 2490 dicto
481 2429 603 2510 collyrio
627 2428 820 2491 carnificabis.

113 2584 126 2632 1
145 2581 312 2652 constringis
329 2599 388 2652 pop.
469 2582 665 2637 intraveris:
684 2581 758 2635 -rit
774 2597 835 2651 pop.
924 2580 1007 2636 odia
1026 2585 1056 2637 et

52 2650 120 2704 nocte
140 2668 170 2721 p:
198 2653 274 2707 diem
297 2669 330 2708 ac
352 2655 465 2708 noctem
493 2670 521 2722 c,
544 2652 619 2708 diem
642 2656 673 2708 st
695 2653 808 2707 noctem
825 2669 856 2722 p.
966 2650 1054 2708 alium

52 2716 126 2781 (uliud
143 2726 167 2793 c)
190 2723 321 2794 papirum
345 2723 485 2794 (bspirum
499 2741 536 2794 p,
560 2723 704 2794 pabirium
722 2726 746 2792 c)
764 2723 850 2794 paulo
868 2722 1054 2779 robustiorem

51 2819 99 2874 901).
168 2817 183 2866 'l
203 2812 234 2866 at
251 2811 365 2867 nilotieo
383 2830 409 2882 9,
429 2813 581 2868 eotillotico
600 2830 622 2882 o,
643 2814 672 2868 et
689 2799 807 2882 tilot'poo
821 2829 853 2882 p.
944 2811 1054 2895 excello

52 2875 145 2948 (lisola
162 2885 187 2952 e)
205 2881 279 2938 torio
293 2901 343 2954 ,φτ
364 2883 543 2939 escaHatorio
561 2901 586 2954 p.
660 2889 676 2940 8
695 2883 760 2938 linis
776 2899 837 2954 pop.
911 2889 1053 2965 imponas

51 2959 117 3035 961).ι
199 2958 233 3008 11
252 2954 362 3037 accedit
379 2972 409 3025 p:
428 2953 532 3010 accidit
550 2970 591 3025 cp.
683 2960 717 3010 14
733 2956 765 3038 ei
783 2955 888 3010 xantou
907 2955 997 3024 (xanta
1015 2955 1052 3022 ef.

52 3023 463 3166 instaurantibus
476 3026 1052 3166 nuenton?innatamus·

52 3160 137 3282 bb&
152 3167 285 3292 Qbssb.
347 3113 484 3292 &Q
497 3168 624 3292 albim
642 3169 731 3293 ⁶13)in
753 3165 906 3293 ,fficiam
918 3183 974 3248 p..
1018 3138 1052 3223 16'

52 3239 354 3380 tunultu
381 3255 435 3309 ⁰²²·
453 3314 486 3363 a
507 3255 701 3391 tauta„
732 3256 761 3292 ¹¹1
792 3314 1051 3390 a

52 3389 123 3453 *nos
140 3394 180 3446 ep.
265 3385 301 3434 20
319 3379 466 3454 cephalion
484 3396 509 3449 p.
582 3377 1052 3460 n1nud1tas0sspppncm1d1tea

52 3447 145 3502 omae
158 3449 190 3518 e).
263 3450 320 3504 ossi
332 3468 376 3521 pc:
391 3467 442 3506 om.
453 3467 484 3521 p.
557 3457 591 3505 22
605 3451 702 3524 lepida
719 3469 745 3521 p,
764 3449 860 3520 lepida
878 3465 919 3520 cp.
992 3465 1052 3502 sca-

26 3513 142 3582 ,uuam
159 3536 208 3588 pp,
226 3521 354 3576 scamilli,
372 3539 394 3578 c.
467 3527 502 3577 28
520 3521 657 3584 melotide
674 3538 734 3592 pop.
1059 3557 1064 3562 -
