2476 4012
483 232 722 298 -181-

89 373 222 455 pellatur
244 375 380 436 similiter
402 393 541 458 appones.
579 378 739 439 novissimo
762 396 833 441 vero
862 333 890 440 si
911 380 1008 460 aliqua
1030 383 1108 442 forte

89 464 307 546 remanserint,
329 464 376 526 dia
395 465 527 545 thapsiae
551 467 629 528 sicut
650 469 682 529 in
704 467 873 530 ischiadicis
896 471 999 531 uteris.

370 625 495 687 LXXVI.
532 625 580 688 lc
603 626 832 709 hydropicos.

181 748 236 810 list
259 757 359 811 autem
387 750 549 831 hydropica
575 755 673 832 passio
701 752 820 814 diffusio
846 752 982 814 humoris
1005 757 1109 834 aquosi

89 857 162 902 cum
193 838 346 900 inflatione
375 839 540 901 secundum
567 843 766 903 retentionem
794 843 917 923 spiritus
948 843 1042 905 isdem
1069 841 1135 904 lav⁵

86 926 268 990 horantihus
306 929 418 990 allecta.
473 936 504 990 et
540 937 611 991 sunt
649 931 805 993 distantiae
840 933 987 1012 passionis
1024 931 1109 1013 duae,

88 1011 220 1097 quarum
249 1034 307 1079 una
334 1036 351 1078 a
378 1017 530 1080 veteribus
558 1021 665 1080 ascitas
692 1023 875 1103 nominatur,
902 1021 932 1082 id
961 1028 1007 1083 est
1035 1024 1108 1083 utri·

88 1105 209 1188 culosa,
241 1105 277 1166 ah
310 1108 404 1186 epatis
437 1106 483 1167 vel
514 1107 626 1190 splenis
658 1117 710 1170 aut
743 1111 888 1171 stomachi
919 1111 966 1171 vel
1002 1128 1109 1172 renum

88 1197 235 1258 saxietate
259 1204 366 1257 creata.
403 1196 495 1258 altera
516 1214 586 1258 vero
610 1215 685 1276 quae
708 1200 886 1279 tympanltes
910 1199 1109 1280 appellatura

87 1283 233 1367 pulmone
262 1286 420 1366 contingit,
450 1305 485 1347 ex
514 1303 573 1364 quo
600 1285 741 1366 pulmone
765 1285 821 1348 suh
843 1290 957 1367 ingenti
980 1291 1107 1350 ventosi·
1122 1302 1150 1342 10

88 1382 153 1436 tate
173 1380 277 1435 venter
295 1373 416 1435 inflatus
434 1374 616 1456 ostenditur,
639 1376 680 1436 ita
698 1384 733 1436 ut
750 1393 819 1438 cum
839 1377 931 1437 luerit
949 1379 1108 1456 inspicien-

87 1465 129 1525 tis
158 1461 255 1543 palma
279 1462 427 1547 pulsatus,
456 1464 588 1543 tympani
611 1465 742 1525 sonitum
769 1463 870 1546 facim,
897 1465 976 1525 unde
1000 1483 1109 1526 nomen

87 1559 124 1615 ut
144 1569 236 1631 supra
255 1550 316 1612 dixi
334 1554 432 1634 passio
451 1553 630 1633 tympanites
650 1554 772 1632 accepit.
810 1552 862 1614 sed
881 1551 961 1614 illam
983 1555 1109 1633 primam

88 1657 182 1721 quam
217 1642 329 1702 asciten
362 1639 490 1703 diximus
517 1638 591 1702 haec
619 1643 702 1722 sigua
731 1649 883 1704 secuntur.
929 1643 1109 1704 insurrectio

87 1731 205 1791 ventris
229 1727 453 1809 superdistensa
474 1737 505 1791 et
529 1725 663 1811 (super)
686 1732 809 1811 inguina
832 1739 864 1792 et
889 1749 990 1812 crura,
1013 1730 1109 1792 alhida
1122 1744 1149 1784 1⁵

89 1819 231 1880 efficitur.
274 1835 349 1897 quae
377 1817 489 1880 inllatio
517 1836 588 1880 cum
615 1818 715 1898 digitis
743 1820 835 1880 luerit
862 1821 1006 1898 impressa
1039 1837 1108 1879 con-

89 1909 226 1969 cavitatis
255 1906 380 1969 formam
404 1906 548 1989 ostendit,
574 1907 654 1986 quod
678 1906 784 1968 Graeci
811 1909 962 1987 cntyposis
994 1915 1109 1967 vocant.

89 2005 210 2058 ceterae
242 2013 314 2056 vero
347 1997 552 2077 superpositae
588 2003 689 2076 partes
720 1997 815 2056 macie
847 2003 1014 2057 attenuatae
1047 1994 1109 2056 eili-

89 2088 228 2166 ciuntnr,
256 2091 290 2145 ut
312 2084 418 2146 thorax
440 2093 547 2166 pectus
570 2084 700 2147 brachia.
742 2086 830 2147 etiam
853 2092 885 2146 et
906 2093 996 2165 potus
1018 2085 1109 2146 nimia

89 2175 235 2255 appetitio
263 2176 400 2252 sequitur
428 2191 496 2235 cum
526 2176 693 2235 retentione
721 2173 871 2255 humoris,
902 2192 938 2235 ex
971 2192 1029 2253 qua
1061 2192 1107 2235 re·
1123 2188 1149 2228 20

88 2264 226 2326 tentione
258 2263 367 2324 humor
403 2265 481 2325 iutra
513 2265 607 2343 spatia
638 2264 751 2325 ventris
783 2261 917 2324 inclusus
954 2261 1110 2343 semipleni

168 2414 351 2471 lnovissime
370 2432 392 2471 e.
501 2414 596 2486 alique
614 2415 686 2470 forte
706 2431 732 2483 c,
753 2415 826 2470 forte
845 2415 940 2484 aliqua
952 2431 984 2484 p.
1093 2420 1108 2468 2

89 2487 192 2556 diapta
210 2487 272 2557 poia
290 2503 311 2542 c.
385 2485 508 2541 sciaticis
522 2502 557 2556 p,
577 2491 648 2540 -cr'r
667 2502 681 2541 c
698 2487 745 2554 (cf.
765 2501 787 2540 c.
802 2490 861 2554 52).
934 2485 1012 2540 trid
1025 2485 1108 2555 ydro-

88 2559 171 2630 picos
190 2573 205 2612 c
222 2559 292 2623 (iod.
308 2561 358 2626 p),
383 2556 425 2612 De
443 2557 578 2628 ydropica
595 2555 725 2627 passione
739 2573 770 2627 p.
878 2562 895 2610 4
913 2555 1050 2625 ydropica
1068 2573 1108 2624 cp.

90 2628 239 2684 thiodem
257 2645 291 2699 cp
310 2628 357 2697 (ef.
378 2644 400 2684 c.
420 2631 478 2696 75).
583 2627 672 2683 edne
685 2644 723 2698 p,
746 2626 780 2682 H.
801 2644 822 2682 c.
925 2629 1068 2682 'lasortes
1086 2643 1111 2695 e,

91 2698 202 2795 arigim
215 2735 246 2788 p.
355 2716 507 2772 mhculosa
530 2733 552 2772 c.
661 2721 678 2772 9
699 2716 835 2772 samosate
854 2732 890 2786 p,
913 2713 1069 2770 sanxietate
1088 2731 1110 2772 c.

90 2792 148 2860 τίω
162 2787 329 2860 c)mpanitas
343 2805 385 2858 cp.
459 2793 491 2843 11
507 2789 616 2843 renim
634 2787 713 2843 venti
723 2804 754 2858 p,
773 2786 851 2842 tenni
866 2804 887 2843 c.
959 2786 1110 2856 inspicien-

91 2863 214 2918 teneat
232 2865 296 2915 aaa
313 2875 382 2915 coar.
397 2875 429 2929 p.
517 2859 688 2929 1t·timpani
706 2875 747 2928 cp.
830 2857 955 2914 sonitum
972 2857 1061 2913 iaciat
1074 2874 1109 2927 p:

92 2949 192 3058 sendum
212 2932 331 3054 signem?⁵
343 2947 365 2986 c.
452 2930 548 3055 dioppda
571 2929 851 3057 passsspmhmpaeims
873 2929 985 3014 accepit
1000 2931 1070 3056 (m
1078 2945 1110 2998 p,

91 3018 286 3144 3⁰33an
298 3020 339 3128 lid
349 3017 436 3128 affl
450 3017 669 3142 pnmgffigem
678 3017 754 3142 ἕω
774 3018 808 3126 1⁸4
817 3004 1109 3140 ffimeasmmc).

94 3146 249 3230 sequuntur
267 3161 311 3230 cp,
380 3143 610 3228 insurrectionem
630 3160 652 3199 c.
726 3148 758 3197 15
778 3159 862 3226 super
879 3143 1005 3198 distensa
1023 3145 1053 3197 et
1069 3141 1136 3197 in.

93 3216 473 3358 sustrictus
491 3213 730 3341 aarum„
748 3212 1109 3353 iterarent

96 3360 319 3426 1uutc=et1n
391 3359 422 3412 et
438 3356 554 3414 brachia
565 3373 596 3427 p.
669 3355 756 3412 etiam
770 3371 857 3414 ωηο.
930 3360 965 3409 20
984 3370 1018 3410 ax
1036 3371 1110 3424 aqua

94 3429 214 3486 redicas
232 3429 324 3483 femor
341 3426 395 3484 t'ra
413 3444 501 3498 spana
518 3430 625 3484 aeirem
643 3426 741 3498 pulsus
759 3445 780 3482 s.
795 3444 820 3483 v.
836 3441 863 3497 c,
883 3425 932 3495 qui
952 3425 1109 3480 retentione

94 3500 169 3557 intra
188 3499 282 3572 spatia
300 3500 404 3555 veniris
422 3498 546 3554 inclusus
564 3517 584 3554 s.
603 3516 630 3554 v.
645 3515 676 3568 p.
