2476 4012
454 248 791 330 ,-1eo-

162 413 262 476 cerae,
288 394 443 476 diachylon
472 395 693 477 medicamenti,
720 396 854 456 omnium
884 396 976 457 trium
998 396 1083 475 paria
1104 413 1168 476 pon·

162 485 246 565 ders,
270 484 327 546 olei
350 485 465 546 rosacei
488 483 567 564 quod
592 484 752 545 suffecerit.
1216 539 1217 548 .

250 573 329 635 aliud
361 576 528 653 pessarium
560 574 739 634 conveniens
767 572 803 632 ad
830 571 964 634 dolorem
995 573 1113 634 vesicae
1142 580 1168 632 et
1216 599 1217 620 ι

162 665 301 726 matricis.
343 664 451 741 recipit
473 664 554 723 croci
577 663 598 729 3
620 660 647 742 l,
675 663 722 721 ovi
749 663 809 722 assi
831 660 964 722 vitellum
987 660 1013 743 l,
1038 677 1169 723 cerussae
1216 653 1217 710 l

135 751 182 820 ⁶3
209 751 278 832 llll,
306 769 392 811 cerae
419 753 571 831 ponticae,
598 750 692 828 adipis
719 751 863 832 anserini,
893 749 987 830 adipis
1015 749 1170 830 gallinacei,

162 840 220 901 olei
241 841 370 921 rosacei,
394 841 526 900 omnium
549 837 604 899 llll
626 839 648 905 3
671 845 802 900 octonas,

251 926 329 988 aliud
343 930 509 1008 pessarium
524 927 719 988 malacticum.
746 927 853 1007 recipit
870 927 949 988 laeni
963 928 1065 1006 graeci
1084 933 1168 988 torre-

161 1017 232 1077 facti
263 1015 381 1097 pollinis
413 1017 594 1099 tenuissimi,
623 1009 723 1093 cerae,
755 1014 850 1095 adipis
882 1014 1051 1098 gallinacei,
1084 1014 1170 1095 adipis

162 1107 292 1165 anserini
314 1103 335 1172 3
358 1104 385 1186 l,
408 1104 466 1166 olei
488 1107 604 1167 rosacei
627 1103 706 1183 quod
730 1104 890 1166 sullecerit.

123 1215 148 1254 10
251 1192 330 1254 aliud
353 1196 519 1274 pessarium
538 1191 662 1274 simplex
685 1191 716 1253 id
739 1201 786 1254 est
809 1191 856 1253 dia
879 1199 1016 1255 tessaron
1040 1191 1078 1254 ad
1101 1193 1168 1254 miti·

162 1281 291 1361 gaudum
318 1284 452 1345 matricis
480 1284 608 1344 calorem
636 1290 667 1343 et
694 1280 730 1342 ad
758 1281 896 1343 duritiam
925 1281 972 1342 vel
999 1281 1169 1343 callositates

162 1379 192 1433 et
219 1370 255 1431 ad
284 1371 402 1433 sordida
430 1391 565 1453 quaeque
594 1369 755 1451 purganda.
797 1377 828 1430 et
859 1371 1013 1432 universas
1046 1370 1171 1432 matricis

161 1458 380 1540 indignationes
404 1479 479 1540 quae
502 1461 568 1522 fieri
591 1459 687 1519 solent
710 1457 849 1519 absolvet.
889 1461 998 1539 recipit
1021 1462 1071 1522 ori
1094 1458 1169 1521 crudi

163 1548 320 1610 medullam
353 1567 487 1610 croceam
518 1557 549 1610 et
580 1547 638 1608 olei
669 1549 785 1608 rosacei
818 1555 849 1609 et
880 1547 977 1608 mellis
1010 1547 1170 1630 despumati

123 1655 148 1696 15
162 1639 266 1717 optimi
290 1645 320 1698 et
342 1636 400 1698 olei
422 1639 517 1697 susini
539 1638 621 1717 paria
643 1635 784 1716 pondera.
828 1634 986 1716 diligenter
1010 1637 1169 1698 commixtis

162 1727 256 1785 uteris
279 1727 313 1803 in
332 1743 429 1805 pesso.

176 1839 177 1844 ¹
251 1814 425 1894 encolpismi
447 1814 594 1875 conlectio
613 1812 649 1873 ad
669 1815 833 1875 siceitatem
851 1821 882 1874 et
900 1813 1091 1876 relaxandam
1109 1832 1168 1876 con·
1216 1841 1217 1846 ¹

163 1904 348 1964 strictionem
367 1911 397 1965 et
416 1903 451 1964 ad
471 1903 611 1964 duritiam
629 1903 774 1983 matricis,
798 1903 887 1964 etiam
906 1902 942 1963 ad
961 1902 1169 1966 obdulcandan
1216 1851 1217 1932 l

163 1991 340 2076 acredinem.
374 1993 452 2052 laeui
470 1994 569 2072 graeci
584 1999 613 2052 et
631 1990 685 2051 lini
699 1992 821 2051 seminis
835 1999 865 2051 et
882 1993 1026 2073 ptisanae,
1045 1995 1168 2054 omnium

122 2101 149 2140 ao
162 2083 253 2141 trium
271 2083 354 2162 paria
371 2081 503 2160 pondera
523 2077 729 2141 commiscetis
744 2087 856 2141 etcum
871 2097 947 2159 aqua
965 2079 1047 2142 dulci
1066 2097 1169 2161 coques

162 2177 196 2229 ut
209 2187 315 2230 sucum
335 2171 443 2230 saciant
456 2186 516 2229 non
531 2169 619 2229 nimis
633 2167 837 2250 macilentum,
855 2175 885 2229 et
901 2168 1061 2248 diligenter
1078 2173 1169 2250 ipsum

162 2275 268 2318 sucum
295 2256 430 2336 liquahis.
471 2259 592 2337 potione
620 2255 714 2317 lavata
742 2255 919 2318 admiscetis
946 2257 1043 2319 mellis
1069 2259 1168 2339 despu-

161 2347 232 2406 mati
255 2345 433 2408 coclearium
456 2346 469 2406 l
492 2353 542 2408 aut
566 2345 638 2427 duo,
661 2343 838 2406 admiscehis
861 2352 892 2406 et
912 2345 970 2407 olei
993 2349 1089 2409 susini
1112 2357 1167 2408 tan-

233 2507 349 2589 ld'ep,
369 2534 430 2573 cera
444 2524 502 2588 p0c.
575 2515 811 2572 medicamentum
825 2534 840 2573 c
856 2518 977 2588 (—tip).
1051 2518 1167 2572 omnium
1216 2557 1217 2564 .

160 2589 246 2644 trium
264 2608 315 2646 om.
329 2606 359 2660 p.
463 2589 543 2660 paria
560 2604 611 2643 om.
631 2603 652 2644 c.
753 2589 893 2644 asuffioit
910 2605 951 2659 cp.
1054 2591 1217 2666 Uimi

161 2663 193 2716 oe
211 2677 252 2732 cp.
325 2661 489 2716 hanserini.
510 2662 551 2729 (et
568 2661 630 2714 odd.
649 2662 674 2728 c)
692 2657 843 2729 gallinacei
858 2677 898 2730 cp.
972 2663 1065 2717 eorm
1083 2659 1166 2721 lilii
1216 2693 1217 2718 t

162 2731 512 2794 octenasc:a1'1.3Vlll.
599 2729 736 2799 'trecipit
753 2746 803 2786 om.
822 2748 864 2802 cp.
960 2731 1007 2787 fed
1025 2734 1073 2804 goi
1089 2734 1217 2786 torret

160 2802 339 2858 laodiceno.
413 2800 539 2871 8adipis
558 2802 622 2856 odd.
637 2807 687 2870 1²⁰²
707 2817 756 2857 om.
776 2819 817 2871 cp.
889 2803 951 2866 31:
975 2819 1025 2858 om.
1046 2821 1073 2872 c,
1095 2806 1167 2864 ad.3

161 2875 182 2928 l.
197 2891 227 2942 p.
301 2871 406 2927 sufficit
423 2889 463 2942 cp.
555 2878 588 2926 10
607 2873 765 2928 diateseron
780 2889 815 2942 p,
841 2872 970 2929 -sarion
989 2890 1010 2930 e.
1084 2874 1119 2929 ad
1136 2890 1166 2926 m.
1216 2901 1217 2930 t

161 2963 197 2999 m.
223 2943 345 3000 calorem
363 2958 398 3012 p:
423 2943 459 2997 ad
483 2942 617 3012 stigmata
645 2943 682 2998 ad
705 2943 827 2999 colorem
850 2960 872 2999 c.
963 2951 1015 2999 tt
1043 2949 1072 3001 et
1089 2944 1167 3012 adp:
1216 2975 1217 2982 .

160 3017 207 3072 val
225 3032 247 3072 c.
319 3032 346 3085 p.
367 3018 396 3069 et
414 3013 451 3068 ad
467 3014 610 3070 universas
625 3032 661 3084 p,
679 3032 707 3084 p.
726 3014 858 3070 admissis
872 3017 936 3083 (sic)
954 3032 975 3072 c.
1069 3022 1102 3072 13
1120 3029 1166 3084 quo

160 3087 221 3143 fieri
240 3087 339 3143 solent.
377 3085 413 3141 ad
432 3085 522 3141 solvet
540 3087 649 3155 (eic)p:
668 3101 718 3140 mn.
733 3102 756 3140 c.
828 3088 910 3156 ch.
985 3093 1018 3141 tt
1036 3090 1066 3143 et
1083 3104 1131 3143 om.
1141 3101 1167 3155 p.

161 3163 191 3215 et
209 3159 265 3215 olei
283 3158 372 3213 sueini
389 3173 439 3212 om.
459 3173 480 3211 e.
553 3157 615 3226 pari
632 3157 756 3226 pondere
774 3173 796 3213 c.
879 3157 1036 3213 commixtis
1055 3175 1082 3213 c:
1102 3174 1166 3212 eom·

161 3231 249 3286 mittis
268 3232 341 3299 etp.
416 3227 554 3284 raetiam
573 3243 623 3282 orn.
643 3242 665 3283 c.
740 3233 773 3283 te
793 3229 822 3282 et
840 3244 890 3284 om.
905 3244 936 3298 p.
1010 3229 1104 3285 omnia
1120 3227 1167 3283 tria

162 3304 226 3368 (sio)
244 3319 270 3355 c:
289 3317 340 3355 ooo.
355 3316 384 3368 p.
471 3298 760 3366 summersam.
842 3297 1007 3355 commisces
1026 3317 1068 3370 cp.
1138 3303 1165 3352 ti

160 3372 310 3440 lisaniam,
328 3370 408 3440 liqna
425 3369 452 3424 h'
472 3387 494 3426 c.
580 3369 723 3439 potionem
742 3369 867 3426 lavatam
885 3372 960 3440 (-a)
974 3390 1005 3442 p.
1088 3376 1121 3425 tt
1138 3371 1167 3435 (et

161 3441 363 3567 aalaaddmisoes
382 3458 422 3511 cp.
509 3438 618 3508 dispas.
636 3441 688 3506 (sic
701 3443 736 3510 p)
755 3457 798 3497 om
815 3458 838 3499 c.
929 3449 962 3497 23
982 3445 1032 3498 aut
1051 3443 1105 3498 duo
1122 3454 1166 3510 pro

162 3531 220 3567 SUO]
276 3530 312 3569 m.
333 3529 354 3568 G.
