2452 4014
439 221 678 288 —15‘1—

60 365 199 430 etmulti
226 382 333 430 cursus
362 363 518 447 sutorum,
546 367 683 430 adiuncta
711 367 855 448 febricula
882 386 980 447 parva.
1016 368 1066 428 ali·

61 463 186 536 quantos
206 462 238 516 et
260 457 324 516 sitis
347 456 494 532 sequitur.
530 455 672 536 aliquanti
696 459 785 518 etiam
807 473 879 518 rero
901 456 977 518 banc
1000 474 1066 536 pas-

61 547 171 610 sionem
198 558 349 624 syncopen
376 543 611 626 appellaverunt,
637 545 667 608 id
695 553 742 606 est
769 547 1014 626 amputationem,
1042 547 1068 606 si

61 633 178 713 qudem
200 632 236 694 ab
256 629 374 696 ossibus
388 639 424 696 ‚et
441 635 540 694 nervis
562 651 618 712 per
636 634 752 714 singula
770 632 903 696 membra
920 635 1068 712 patientes

59 722 242 803 occidantur,
274 737 345 786 cum
376 737 432 800 per
462 721 603 784 sudorem
634 724 823 784 mortiferum
858 724 984 783 animam
1016 721 1095 782 obt

62 813 200 872 miserint.

144 903 176 960 in
204 897 407 960 curationibus
436 917 506 960 vcro
535 899 634 960 oleum
661 899 803 961 melinum
833 907 884 960 aut
907 901 1069 978 myrtinum

60 998 108 1049 aut
135 987 326 1050 lentiscinum
354 1003 423 1048 cum
450 989 519 1048 vino
547 997 667 1048 austero
694 990 725 1049 in
753 988 828 1049 lanis
856 987 1008 1049 redactum
1039 997 1069 1048 et

61 1078 225 1158 appositum
253 1075 404 1153 stomacho
432 1083 462 1139 et
493 1076 677 1154 praecordiis
705 1085 735 1138 et
767 1075 907 1140 umbilico
939 1093 1068 1158 syncope

63 1163 261 1227 laborantibus
284 1163 413 1227 abstinet
436 1162 585 1228 sudorem.
1084 1178 1110 1217 ιο

144 1253 238 1318 aliun
276 1255 307 1315 in
335 1251 505 1316 cubiculum
533 1255 611 1316 acris
638 1253 710 1318 boni
738 1263 773 1316 ct.
794 1272 891 1334 neque
920 1255 991 1316 satis
1019 1271 1069 1332 op·

62 1361 194 1422 pressum
214 1360 312 1422 neque
326 1350 499 1404 aestuosum
516 1341 646 1406 ramttlos
660 1341 769 1404 virides
788 1350 900 1422 myrtae
920 1349 950 1402 et
969 1349 1070 1403 cetera

62 1432 184 1494 similem
204 1433 344 1493 virtutem
366 1430 575 1510 redarguentia
594 1433 625 1492 in
649 1432 775 1494 circuitu
795 1433 918 1493 iacentis
937 1433 1071 1510 apposita

63 1521 189 1582 relevant
212 1527 408 1599 aegrotantes.

145 1608 234 1670 aliucl
271 1616 368 1688 myrta
386 1609 464 1670 sicca
483 1585 513 1670 et
535 1610 709 1672 tenuissime
729 1603 811 1670 creta
830 1617 861 1670 et
881 1608 1070 1688 singulariter
1085 1619 1111 1660 1⁶

62 1715 176 1778 aspersa
206 1704 257 1758 aut
284 1695 387 1780 pollini
413 1696 550 1778 polentae
578 1705 629 1759 aut
657 1705 755 1759 cretae
785 1696 913 1758 admixta
941 1715 1070 1778 syncope

64 1785 262 1848 laborantibus
286 1775 423 1846 abstinet.

145 1875 236 1936 eliud.
273 1872 390 1953 glebula
409 1873 503 1935 multa
525 1873 561 1934 dc
584 1874 698 1952 pariete
722 1890 798 1953 aqua
821 1872 927 1958 frigida
950 1872 1071 1952 perlusa

63 1972 91 2026 et
111 1967 141 2025 in
165 1965 296 2026 circuitu
318 1963 444 2023 iacentis
466 1963 600 2042 apposita
624 1968 654 2022 et
676 1960 798 2022 naribus
822 1961 959 2024 odoratui
981 1959 1072 2040 appli-

63 2062 121 2114 cata
145 2051 273 2114 sudores
296 2049 425 2113 abstinet
448 2058 478 2112 et
500 2052 579 2112 vires
602 2051 784 2130 aegrotantis
808 2050 971 2111 confirmat
1085 2063 1112 2103 ιο

145 2141 235 2204 aliud.
272 2139 392 2218 polenta
410 2156 478 2200 cum
497 2141 565 2200 vino
579 2141 751 2218 granaticio
770 2138 902 2201 resoluta
921 2147 951 2200 et
973 2147 1073 2219 potata

62 2233 167 2292 autin
193 2227 399 2308 cataplasmate
423 2227 553 2289 adhibita
580 2245 640 2289 non
668 2227 761 2288 calida
789 2227 919 2288 abstinet
948 2227 1073 2290 sudores

62 2326 89 2378 et
110 2321 191 2380 vires
214 2317 363 2398 depositas
390 2317 486 2396 erigit

128 2434 771 2521 icio:ebiemp.sitiso:ru1'?.<)p
860 2449 1104 2520 tsinoopenp,

61 2529 202 2594 soicopem
224 2538 247 2576 c.
336 2528 354 2576 4
376 2521 534 2592 patientem
556 2522 667 2578 occidat
689 2537 711 2578 ο
802 2528 818 2576 5
842 2524 871 2576 et
892 2537 956 2575 cum
973 2520 1074 2576 sudore

62 2611 206 2668 mortifero
216 2627 251 2689 ι).
351 2609 475 2666 aniunam
493 2610 620 2666 emiserit
638 2629 661 2679 o,
679 2592 754 2667 ai⁷ei.
764 2607 827 2676 ulit
845 2611 888 2680 (in
904 2625 1021 2680 marg.
1011 2608 1074 2664 ob

64 2726 95 2745 =
112 2701 238 2756 ammam
262 2698 442 2768 obmiscrunb)
462 2698 1075 2769 p.'1mellinnmc.8illeilre-

62 2771 138 2832 dact·
111 2775 143 2828 tu
162 2789 186 2841 o,
204 2772 234 2827 in
251 2771 324 2826 lanis
341 2771 533 2860 reductump
616 2778 631 2828 9
650 2788 771 2842 syncope
790 2787 813 2826 e.
901 2777 933 2826 10
952 2769 1077 2826 abstinet

64 2860 88 2897 c·
105 2844 210 2900 retinet
223 2845 315 2912 p(pr.
335 2839 460 2909 στέλλει).
535 2848 566 2897 11
582 2845 650 2902 ebe:
670 2859 762 2912 onem
837 2847 869 2896 12
886 2841 975 2898 viride
993 2840 1076 2896 mitte

64 2915 189 2970 ecmirte
206 2913 355 2983 viridesp.
434 2920 467 2968 13
487 2913 574 2968 simili
591 2913 677 2984 (-lie
695 2917 720 2984 c)
742 2913 847 2970 virtulo
865 2929 906 2982 op
982 2912 1076 2995 reder-

63 2986 222 3054 guentiae:
242 2987 319 3040 —bes
334 3002 364 3056 ιι
457 2991 491 3040 14
509 2986 656 3042 relevabo.
749 2989 782 3040 lb
801 2983 886 3040 mixta
897 3001 934 3052 ιιι
958 2983 1076 3038 ambae

63 3058 192 3126 (pupulam
210 3057 324 3125 Dicte..)
399 3062 431 3112 16
450 3073 563 3128 aspersa
581 3058 628 3125 (ef.
642 3056 736 3113 Dicte.
758 3062 786 3123 1,
807 3059 857 3110 155
876 3056 1020 3122 Aetione,
1036 3056 1074 3122 ll:

64 3143 162 3197 aspere
187 3128 468 3198 appolonia
495 3131 545 3184 ent
572 3130 648 3183 certe
675 3144 702 3196 e,
729 3126 845 3210 pnleutc
873 3128 923 3180 aut
951 3128 1075 3194 cretam

65 3201 223 3267 cretenses.
244 3199 469 3256 &polticeor
489 3204 522 3265 2,
542 3203 608 3256 200.
717 3199 829 3267 sincopo
847 3211 897 3252 om.
917 3211 938 3251 c.
1044 3203 1076 3251 18

64 3269 178 3338 glonnln
195 3289 231 3326 m.
252 3270 287 3325 de
305 3285 447 3352 panone
522 3275 559 3324 19
574 3270 730 3337 odoretur,
749 3267 861 3337 -bip
933 3267 1078 3337 applicata

61 3345 103 3408 ιθ,
121 3341 216 3400 —eita
198 3357 260 3411 a‚p
280 3340 411 3396 -oitec
482 3346 518 3396 20
536 3340 704 3398 abstinete.
722 3338 827 3396 retinet
839 3355 863 3409 p
880 3339 998 3404 (itone.
1013 3342 1077 3405 22)

66 3411 226 3536 confortiae·
218 3429 249 3482 p.
321 3417 355 3466 nt
375 3411 492 3481 pulenle
508 3411 620 3478 (bimo.
705 3407 896 3481 gramaticae,
915 3411 1076 3480 granebop.

65 3486 97 3534 22
117 3498 155 3537 eu
186 3499 226 3540 ιιι·
245 3485 274 3538 et
292 3499 334 3553 ep.
