2452 4014
424 251 666 318 -159-

47 398 130 458 mixto
157 405 187 458 et
214 396 330 460 modico
358 398 427 459 sale.
470 406 541 460 tuuc
569 406 600 459 et
625 397 794 459 llebotomie
822 399 853 458 lu
878 398 1049 478 praedictee

47 486 184 565 passionis
206 486 341 566 periculo
360 487 486 550 suevae
524 494 557 547 et
575 486 710 548 lunarum
729 485 907 548 mundarum
928 503 964 548 ex
981 488 1048 550 oleo

48 573 267 636 ebemeemeliuo
295 576 509 638 involutionem
537 575 703 657 adhibebis,
736 582 766 636 et
794 582 883 655 eaput
914 577 1048 654 ipsorum

48 680 78 722 ex
103 670 184 724 aceto
212 673 243 725 et
268 681 392 727 rosaceo
419 665 485 725 oleo
513 663 711 739 embrocabis,
747 671 778 726 et
805 664 962 725 humorem
990 664 1049 725 eol·

48 749 146 812 lectum
177 755 209 813 in
241 756 366 815 arterias
398 755 528 833 gutturis
560 761 592 814 et
620 753 765 835 thoracis,
801 771 838 814 ex
872 769 932 832 que
964 763 1076 833 prae-⁵

48 839 192 902 locutionis
219 844 350 903 musatio
378 843 523 923 efficitur,
556 844 634 903 ment
659 844 691 904 in
719 842 890 922 lethargicis
922 841 1048 922 apolleg·

48 931 180 990 metiemis
210 929 397 1011 depurgebis.
437 933 528 992 etiam
551 937 581 992 ot
603 932 719 1011 oxymel
745 929 927 1013 propinabis.
969 933 1051 992 nevit

49 1017 117 1077 enim
138 1018 270 1080 incidere
293 1033 412 1080 omnem
435 1018 592 1080 humorem
614 1022 800 1082 crassiorem.

323 1195 420 1257 LXVl.
457 1197 505 1258 Ad
528 1195 761 1275 pleuretiecs.

81 1313 83 1316 ’
125 1317 177 1381 Est
199 1327 299 1381 autem
326 1319 464 1401 pleuritis
487 1322 617 1382 causatio
645 1321 676 1381 iu
699 1339 758 1381 uua
785 1329 871 1400 parte
898 1320 1048 1401 pulmonis
1063 1333 1090 1373 1⁰

49 1413 74 1466 et
96 1407 289 1488 bppezocctos
317 1409 348 1470 id
376 1420 422 1470 est
450 1409 577 1480 laterum
605 1407 808 1490 membranae,
837 1427 873 1470 ex
899 1428 956 1489 qua
979 1427 1048 1470 eon·

49 1496 126 1574 tingit
146 1497 211 1559 fieri
234 1497 320 1558 dolor
342 1497 428 1559 lateri
450 1499 583 1578 patienti.
620 1499 756 1578 sequitur
779 1507 879 1560 eutem
902 1499 1048 1578 patientes

49 1581 129 1645 febris
147 1595 245 1666 acuta,
270 1586 354 1647 dolor
376 1587 517 1666 patieutis
530 1586 593 1648 'loci
615 1587 721 1666 iugens
740 1605 835 1667 usque
855 1585 890 1647 ad
914 1585 1048 1668 iugulum

50 1678 74 1729 et
92 1673 189 1752 palam.
226 1673 371 1738 tussicula
393 1678 482 1737 etiam
501 1683 531 1736 et
549 1676 701 1736 reluctatio
725 1675 871 1754 flegmatis
890 1676 1047 1755 aliquando

49 1759 142 1822 viscosi
159 1762 316 1843 aliquando
336 1765 436 1824 tenuis
452 1771 482 1824 et
495 1765 628 1844 spumosi
646 1764 803 1845 aliquando
820 1764 1047 1842 sanguinolenti.
1064 1775 1090 1816 1⁵

50 1853 74 1904 et
97 1847 232 1930 aliquiauu
261 1871 352 1932 super
385 1851 488 1913 dolens
519 1852 597 1914 latus
625 1851 744 1926 schema
775 1851 891 1912 iacendi
921 1850 1049 1912 libenter

50 1931 153 1999 babent.
193 1949 223 2003 et
252 1941 285 2001 fit
312 1941 358 2001 vel
387 1943 519 2003 uescitur
551 1943 582 2002 iu
610 1941 750 2002 masculis
777 1942 870 2020 magis
902 1957 990 2019 quiem
1017 1941 1048 2000 iu

50 2019 166 2108 leminis,
188 2026 403 2090 sesecundum
423 2037 548 2092 aetatem
573 2028 695 2090 senibus
713 2031 806 2109 magis
827 2047 914 2108 quam
937 2030 1049 2090 iuveni·

50 2105 107 2192 bus,
128 2115 158 2176 iu
179 2119 284 2198 pueris
307 2135 377 2179 vero
401 2117 528 2179 difficile.
574 2126 605 2179 et
628 2119 797 2200 secuudum¹
816 2117 952 2180 annualia
976 2124 1049 2178 tem·

111 2395 122 2440 1
142 2393 170 2446 et
188 2409 239 2450 ooo.
260 2410 282 2448 e.
368 2393 494 2466 predicto
513 2410 534 2450 c.
626 2401 641 2448 3
661 2394 809 2451 eememilo
828 2394 892 2464 (eie)
910 2411 936 2450 e:
958 2395 1050 2451 calido

50 2469 92 2534 (11.
105 2493 139 2548 p,
158 2459 203 2541 ei?
216 2484 264 2556 ρο)
283 2499 314 2552 p.
404 2481 507 2538 loleo
532 2497 558 2536 c:
587 2481 679 2537 calido
697 2499 727 2553 p.
818 2482 993 2538 embrocebis
1015 2500 1049 2552 p:

51 2551 230 2621 conprobabis
249 2553 279 2624 (l)
297 2569 320 2610 c.
411 2552 480 2608 5iu
501 2551 606 2607 erciam
625 2569 646 2608 c.
738 2559 794 2607 6s.
813 2553 843 2606 in
861 2553 999 2624 liturgicis
1014 2570 1049 2622 p:

51 2618 110 2692 111111
130 2620 240 2679 literius
264 2641 286 2680 c.
359 2621 582 2694 apollegmcbicie
601 2641 636 2693 p,
659 2621 735 2694 ipsos
757 2623 915 2678 methismis
938 2641 960 2680 c.
1033 2630 1049 2677 1

50 2683 124 2742 etum
141 2694 244 2752 oximel
263 2696 327 2766 (sic)
340 2712 375 2767 p,
395 2711 445 2750 orn.
462 2711 487 2750 e.
566 2693 678 2749 sonim
696 2699 721 2750 el
739 2711 850 2751 omnem
868 2693 896 2750 h.
916 2711 939 2752 e.
958 2711 1009 2750 cru.
1027 2711 1050 2750 e.

51 2776 200 2860 ministrem
218 2784 265 2852 (ef.
285 2801 307 2842 c.
326 2789 387 2855 59):
411 2762 489 2840 eb'eu
508 2785 541 2854 (1)
555 2800 586 2854 p.
672 2789 688 2838 9
707 2784 749 2839 De
766 2782 889 2854 pleuresi
902 2799 934 2853 p.
1017 2787 1050 2837 10

50 2837 177 2926 blepntis:
199 2855 362 2926 pleureiiois
391 2856 455 2922 (eir)
472 2871 513 2924 cp.
624 2860 655 2909 11
675 2856 705 2910 et
721 2861 734 2909 i
752 2854 887 2926 herpodio
906 2855 971 2910 cob'a
988 2855 1008 2910 l.
1027 2871 1050 2924 c,

51 2911 163 2999 elbipedi
180 2928 262 2998 cocle
278 2926 298 2983 i
313 2943 336 2996 p
355 2927 385 2994 (1.
404 2943 425 2982 e.
442 2923 642 2996 nipeuioeeta).
728 2931 761 2982 12
778 2925 862 2982 uteri
879 2925 1004 2996 pacienti
1022 2943 1049 2982 c:

50 2975 285 3070 1110111111111111111
302 3014 325 3068 p
344 2997 476 3080 1-1111).
551 3003 584 3052 13
602 2995 676 3054 ieb'e
694 2995 852 3068 (febricula)
866 3013 896 3067 p.
970 2996 1051 3053 dolor

51 3045 134 3115 lolem
151 3065 286 3133 pellentis
303 3069 360 3125 loci
378 3085 419 3140 cp.
491 3065 657 3138 iugulum,
676 3068 808 3138 ingnlip
826 3067 981 3139 (cingulum
994 3069 1049 3138 p0).

53 3123 209 3206 1⁴iliulie,
226 3139 392 3211 plo(l)llrip
409 3139 514 3210 (palem
534 3138 606 3196 Geel.
626 3139 698 3194 Aur.
717 3155 761 3195 oe.
780 3146 810 3208 2,
829 3141 882 3209 91).
964 3137 1051 3193 etiem

51 3190 75 3243 11
90 3212 115 3253 ⁶:
133 3208 148 3258 ὁ
166 3208 231 3280 (est)
244 3227 276 3280 p.
348 3210 494 3268 reiectetio
508 3226 531 3277 c,
549 3209 665 3265 reiectio
674 3225 697 3279 p
715 3209 872 3278 (reieebebio
886 3210 943 3279 ρο).
1017 3213 1049 3264 11

51 3261 75 3362 {i
90 3282 136 3327 otu.
154 3293 177 3333 e.
266 3281 419 3352 aliquantis
437 3299 472 3354 p,
496 3280 574 3350 aliqu
593 3280 762 3350 (-quunu0)
786 3298 808 3338 e.
901 3286 933 3336 16
953 3297 1004 3352 sup
1023 3295 1050 3334 ee

51 3362 73 3402 ⁸¹
89 3357 187 3439 (iupis)
202 3385 232 3442 p.
323 3369 442 3426 incentis
461 3386 482 3426 e.
574 3374 607 3424 11
627 3370 657 3424 et
674 3368 714 3424 sie
731 3369 856 3425 nuscitur
874 3385 901 3438 c,
925 3371 954 3422 et
972 3368 1004 3421 fit
1023 3368 1052 3422 et

49 3430 379 3513 911111111111171).
467 3446 500 3497 18
519 3441 610 3496 etates
628 3457 650 3496 c.
730 3439 823 3510 magis
841 3455 892 3496 om.
911 3455 933 3495 c.
1017 3441 1049 3491 19

37 3499 153 3558 enuehg
168 3512 232 3583 (Μ)
248 3529 290 3584 ⁶1²·
