2452 4014
439 247 681 310 -147-

57 389 187 470 lerunt
214 399 246 452 et
271 390 349 452 lallis
374 390 443 452 llari
470 393 679 453 commixtione
703 391 847 473 dilator,
875 402 906 454 et
928 393 1064 456 similitor

58 477 100 539 dic
117 479 294 540 interdiana
312 481 390 542 sicut
408 478 525 540 acffls
542 481 688 542 tertianus
707 489 851 562 moratur,
869 481 923 543 aad
940 484 971 542 in
989 485 1064 564 ipals

58 569 231 628 accessionis
247 567 331 629 horis
348 568 535 630 inordinatus
553 570 714 651 invonitur,
736 577 769 630 et
790 571 816 630 si
834 573 969 631 autumni
989 580 1063 633 tcm-

56 673 124 736 pore
140 657 234 718 luerit
252 665 349 740 natus,
366 659 398 718 ln
417 665 594 737 quamnom
613 657 788 737 ireqttcntcr
805 659 933 720 vertitur
950 668 1065 740 typum.

135 754 298 827 propterea
316 748 478 808 curationis
497 755 634 827 tompore
653 765 690 808 ex
712 747 797 808 initio
816 745 864 807 dle
887 748 1089 810 interdiana

55 833 172 895 reficies·
188 842 389 916 aegrotantes,
411 835 471 896 hoc
490 844 538 897 est
560 843 595 897 nt
616 834 666 897 (lia
693 838 758 916 ipsa
780 853 838 915 qna
861 839 1063 900 accessionem

55 925 203 1001 patiuntur
230 926 365 986 ieiunant
392 934 423 985 et
452 923 499 984 die
527 925 642 985 metica
664 926 817 1003 recipiant.
860 924 912 985 scal
936 928 962 986 si
984 925 1061 987 lorte

56 1013 193 1074 ieiunium
221 1013 343 1074 mlnlmc
370 1013 524 1093 potuerint
550 1012 692 1094 tolerare,
714 1015 904 1074 remissmnis
927 1023 1061 1094 tempore

56 1103 203 1180 recipiant.
246 1109 278 1162 et
303 1109 461 1181 postquam
488 1104 594 1181 pepoin
622 1102 730 1163 lecerit
759 1101 928 1184 aegritudo,
957 1103 988 1164 id
1016 1107 1090 1164 est·

54 1197 116 1267 post
145 1189 202 1250 llll
233 1190 373 1270 periodos
405 1193 467 1252 siva
497 1193 697 1272 accessiones,
729 1209 803 1270 quas
833 1190 938 1253 Graeci
966 1193 1101 1272 episc-10

56 1280 154 1340 manias
176 1286 297 1354 uocant,
324 1277 498 1359 praecordia
526 1297 630 1340 eornm
658 1278 896 1361 cataplasmatis,
925 1282 1004 1342 sicut
1028 1283 1061 1342 in

55 1367 264 1450 cotidianariis,
288 1377 318 1429 et
340 1367 415 1428 lanis
438 1368 557 1430 mundis
580 1367 645 1428 loca
666 1367 779 1429 tutabis
802 1376 832 1429 ct
855 1368 1007 1450 fasciolis,
1030 1377 1062 1430 ei

54 1457 75 1514 si
96 1465 198 1518 venter
227 1473 288 1517 non
315 1457 434 1539 lecerit,
466 1475 527 1517 uon
551 1455 634 1518 valde
657 1456 739 1517 molli
766 1455 892 1536 clystere
920 1455 1059 1518 deduces.

53 1542 128 1604 dabis
159 1545 251 1606 etiam
281 1545 329 1606 his
361 1554 391 1606 et
422 1547 555 1626 ptisanae
587 1558 709 1606 sucum'
725 1563 763 1606 ex
794 1553 878 1606 aceto
911 1553 941 1606 et
972 1545 1059 1607 melle

53 1631 144 1709 puleio
166 1635 272 1714 pipere
295 1635 413 1712 cymino
434 1636 557 1714 origano
581 1635 758 1698 conlectum.
796 1636 886 1696 etiam
908 1643 938 1696 et
956 1636 1058 1696 urinas
1073 1650 1099 1691 ιι

51 1719 219 1798 provocabis
242 1737 279 1784 cx
302 1722 482 1786 ,damtione
505 1725 564 1803 apii
586 1732 618 1784 ct
639 1722 727 1788 danai
750 1730 780 1785 at
803 1725 882 1784 meti
905 1733 936 1786 et
958 1725 1057 1803 spicae

52 1809 171 1893 indicae,
196 1819 227 1872 et
249 1818 317 1891 post
339 1811 413 1872 haec
431 1810 573 1875 absinthii
594 1813 708 1891 pontici
729 1812 909 1874 infusionem
931 1830 987 1890 per
1005 1814 1057 1873 tri·

52 1895 134 1960 dnum
160 1901 272 1962 iciunis
299 1898 383 1962 dabis
410 1908 461 1962 ant
488 1900 654 1981 oxymcllis,
681 1899 727 1960 vel
755 1917 790 1962 ea
817 1917 893 1977 qnae
923 1907 1058 1962 ventrem

52 1987 194 2070 molliunt,
218 1998 248 2051 ct
270 1988 396 2052 sanabis.

253 2146 365 2210 LVllll.
402 2148 449 2208 ld
477 2156 598 2228 typum
622 2147 852 2211 cotidianum.
1072 2165 1099 2204 ιο

130 2273 233 2354 Typus
261 2272 427 2336 cotidianus
457 2290 564 2352 graeco
593 2271 735 2334 vocabulo
763 2273 972 2335 amlemerinos
995 2275 1058 2334 sive

52 2357 263 2424 tathemerinos
286 2361 458 2442 appellatur.
495 2367 526 2420 et
545 2360 674 2422 efficitur
692 2359 749 2422 sub
772 2361 963 2440 frigidissimo
986 2361 1057 2441 llcg·

51 2457 121 2509 male
144 2452 284 2530 quotiens
303 2469 336 2512 os
360 2451 472 2510 veniris
495 2451 560 2528 ipso
583 2447 708 2510 humore
731 2449 823 2511 luerit
844 2449 1056 2529 infrigidatum.

112 2638 224 2694 idiam
238 2657 269 2710 p.
352 2638 463 2710 agnibea
482 2655 503 2694 c.
584 2637 614 2692 in
633 2653 683 2694 om.
703 2654 724 2693 c.
811 2636 1054 2694 successionibus

48 2705 116 2764 hon‘s
135 2727 177 2782 ap.
264 2713 419 2782 autumpno
436 2711 564 2780 tompore
583 2726 606 2776 c,
623 2714 636 2763 i
654 2709 760 2764 antino
778 2710 836 2764 iem
858 2724 905 2764 ors
919 2724 950 2779 p.
1039 2713 1055 2761 6

48 2779 130 2836 reficis
149 2799 191 2865 φ.
276 2781 437 2838 trelicinnl
454 2798 476 2838 c.
567 2779 771 2836 Sremissionis
790 2797 816 2836 c:
857 2777 1008 2835 ‘'teionis
1021 2796 1053 2852 p.

49 2855 61 2902 9
85 2853 222 2908 reffinant
250 2867 277 2924 a,
307 2852 435 2908 reficiant
459 2870 482 2922 p
507 2853 564 2921 (aad
592 2853 625 2908 ira
649 2867 735 2920 uturp.
756 2857 792 2922 μῦ
816 2857 829 2906 i
855 2847 873 2905 l
897 2849 1053 2921 recipiant).

47 2922 96 3012 iffi
110 2959 141 3010 p,
159 2941 263 3014 pesum
281 2941 406 3012 (pesam)
424 2959 446 2998 c.
521 2947 555 2996 10
573 2939 741 2997 amamionis
756 2956 798 3009 cp.
871 2939 1054 3010 epiesmasias

48 3025 70 3062 c:
87 3012 233 3082 apimilcos
246 3030 277 3083 p.
366 3018 399 3066 tt
417 3013 524 3068 intubis
543 3028 568 3067 c:
587 3009 699 3066 iubebis
712 3027 743 3080 p.
830 3017 863 3066 13
881 3014 980 3067 venter
996 3026 1055 3066 non

47 3077 140 3140 feccrit
148 3101 184 3154 p:
202 3088 301 3142 venter
313 3101 371 3140 uon
388 3083 494 3140 lumini
506 3100 528 3139 c.
602 3081 708 3138 olisiari
722 3099 743 3137 c.
818 3087 852 3136 14
870 3081 951 3138 dubis
966 3079 1053 3136 etiem

48 3152 73 3206 et
89 3153 133 3208 lais
150 3155 260 3225 ptisnne
273 3172 310 3226 p,
329 3155 398 3212 doto
417 3157 446 3212 il
462 3155 507 3210 ios
526 3155 556 3210 et
572 3152 684 3223 lipsana
704 3169 725 3208 c.
817 3158 850 3208 15
868 3151 995 3222 pullegio
1013 3145 1053 3224 ᾗῇ

47 3222 142 3281 cimino
160 3225 276 3296 origano
296 3244 321 3282 c:
346 3225 490 3310 puleio‘et
506 3225 603 3296 pipere
622 3225 652 3278 et
670 3237 783 3296 organo
790 3241 822 3294 p.
863 3292 870 3305 ·
913 3223 999 3278 otiam
1018 3253 1052 3263 -

48 3297 98 3363 (ii)
115 3296 185 3352 hacc
202 3313 253 3353 ona.
272 3313 295 3354 c.
369 3296 525 3353 18ia1onus
544 3295 632 3366 l-n9)
652 3311 674 3351 c.
747 3293 885 3350 oximellrs
902 3309 943 3364 ap.
1017 3299 1053 3349 20

46 3366 195 3424 emolliunt
298 3374 333 3424 20
351 3367 394 3422 De
411 3368 481 3438 typo
500 3366 641 3423 cotidiano
655 3383 678 3436 p
696 3365 751 3434 (Ad
768 3363 860 3435 tipum
880 3364 1053 3421 cotidianum

46 3435 98 3493 ind.
118 3441 173 3508 epi:
191 3439 237 3494 Ad
255 3439 426 3496 aonam
441 3455 463 3496 c.
540 3445 574 3492 21
594 3437 764 3493 cismarinus
777 3453 801 3504 c,
819 3436 1008 3492 amfimerinos
1020 3453 1051 3505 p.

47 3510 77 3558 ii
95 3511 297 3568 cathcmsrinos
315 3525 355 3581 cp.

838 3595 892 3648 10*
