2452 4014
464 231 705 296 -113—

70 386 214 459 quattuor
235 379 318 458 paria
340 375 473 456 pondera
496 377 636 439 conficies
659 385 690 439 et
711 376 795 438 debis
816 377 994 442 coclearium
1019 380 1031 442 l
1055 383 1086 442 in

70 469 192 548 potione
216 467 276 526 riui
299 465 439 546 tepefacti
462 473 513 528 stat
536 469 615 546 passi
639 466 759 530 conditi.

161 553 328 616 antidotum
354 553 532 616 nelreticum
560 554 716 618 calculosis
743 557 938 636 aptissimum.
979 560 1086 638 recipit

69 643 226 705 betonicae
260 660 383 723 spsnae,
422 643 511 705 lascis
546 643 644 723 gallici
679 645 783 706 uncias
819 645 951 724 singulus
986 650 1086 727 semis,

71 731 234 811 saxilrogae
262 739 398 813 petrosae
427 733 549 793 sentinis
577 739 629 795 aut
656 732 842 815 petroselini,
871 735 993 796 seminis
1021 733 1113 797 clu-⁵

70 822 158 903 satri,
181 819 245 880 lolii
266 818 414 882 barbarici
437 819 467 880 id
487 828 533 881 est
553 819 741 903 malobathri,
764 824 876 902 piperis
901 821 959 884 albi
982 825 1086 886 unciss

70 907 218 989 singulas,
245 926 314 970 meu
343 907 377 988 S,
404 911 503 970 omnia
529 908 688 990 diligenter
714 909 823 971 tundes
851 918 882 972 et
910 914 1085 974 tenuissime

70 1015 191 1078 cernes,
218 1005 250 1058 et
277 996 363 1058 melle
391 996 566 1076 despumato
589 997 710 1078 colliges
739 1007 770 1060 et
802 998 907 1060 exinde
936 1018 953 1060 a
980 1000 1085 1062 balneo

70 1104 140 1147 mox
168 1085 237 1147 lotis
264 1083 348 1146 dabis
370 1085 517 1146 avellanae
543 1085 778 1166 magnitudinem
800 1106 869 1150 cum
892 1089 960 1150 rino
984 1091 1085 1150 mixto.

162 1175 308 1236 conlectio
340 1172 452 1235 conditi
486 1176 639 1237 noireticis
675 1177 855 1238 conveniens
892 1185 922 1238 et
959 1180 1085 1240 maxime
1101 1192 1127 1230 10

70 1261 243 1344 calculosis,
270 1280 346 1342 quos
372 1262 524 1325 lithiontas
551 1272 670 1345 vocant,
698 1273 729 1325 et
756 1267 886 1327 minctus
912 1264 1085 1328 difficultate

69 1349 289 1433 laborantibus,
312 1369 387 1430 quos
406 1351 586 1432 dysuruntas
607 1361 721 1415 vocant.
758 1355 866 1433 recipit
888 1355 1001 1434 piperis
1023 1354 1086 1435 31,

69 1441 248 1521 saxifragae‚
276 1439 431 1502 betonicae
454 1456 490 1502 ÷
507 1440 606 1524 binas,
629 1443 727 1521 spicae
750 1440 880 1522 indicae,
902 1441 1087 1523 petroselini,

69 1531 117 1610 lu,
140 1530 231 1610 asari,
254 1528 361 1589 radicis
384 1531 479 1611 seori,
502 1529 588 1593 dauci
612 1531 716 1591 cretici
737 1532 873 1612 seminis,
896 1532 1029 1593 omnium
1049 1530 1085 1591 Vl

70 1619 91 1684 5
119 1616 265 1699 singulas,
292 1618 353 1678 viui
380 1619 505 1680 aminaei
532 1617 642 1700 cotyles
670 1627 824 1700 quattuor,
852 1617 947 1682 mellis
975 1619 1127 1700 desputo

70 1708 142 1767 mati
166 1705 277 1786 cotylas
299 1705 334 1766 ll.
359 1705 388 1767 S.

161 1796 308 1856 trociscus
337 1793 384 1855 dia
411 1793 555 1875 lysalidon
583 1795 746 1875 appellatus
775 1796 886 1857 iaciens
919 1796 955 1857 ad
986 1797 1087 1857 ulcera

70 1901 147 1962 quae
175 1885 206 1944 in
229 1882 352 1944 renibus
375 1885 437 1944 sive
464 1884 496 1943 in
520 1885 615 1943 vesica
642 1892 807 1945 nascuntur
834 1892 865 1944 et
892 1883 1027 1965 indigent
1054 1886 1085 1945 in

71 1973 242 2036 cicatricem
270 1970 352 2053 duci,
380 1969 473 2034 etad
502 1989 554 2033 eos
581 1974 632 2051 qui
660 1974 835 2052 sanguinem
858 1974 1002 2053 mingunt.
1040 1992 1086 2036 re·

71 2063 145 2140 cipit
172 2062 341 2123 cucumeris
369 2060 480 2121 bertini
509 2062 631 2121 seminis
658 2060 831 2143 descamati,
864 2064 923 2142 apii
955 2064 1086 2143 seminis,
1100 2077 1128 2118 eo

144 2248 240 2303 lllll.
259 2264 286 2304 c:
304 2264 355 2304 om.
370 2264 401 2318 p.
482 2248 596 2306 conficis
614 2266 656 2319 op.
733 2250 824 2306 eocl'r.
843 2267 885 2320 cp.
965 2257 1085 2322 apesso

69 2320 187 2377 condito
201 2337 232 2402 p,
251 2317 358 2375 conditi
374 2319 482 2390 passati
500 2337 522 2376 c.
613 2327 629 2375 3
647 2319 835 2377 neufreiicum
853 2338 881 2388 c,
899 2321 1041 2378 nefrebicis
1054 2338 1086 2392 p.

69 2391 229 2448 ceuculosrs
246 2407 262 2447 e
279 2390 355 2457 (item
372 2390 452 2458 infra
469 2408 493 2448 o.
512 2395 569 2460 11).
647 2393 732 2460 liep.
804 2397 927 2462 tepens
944 2409 971 2448 c:
989 2409 1040 2449 oso.
1058 2409 1088 2461 p.

69 2462 192 2518 diascis
209 2460 321 2533 gallicis
340 2478 367 2531 c,
385 2461 475 2517 fesces
493 2461 611 2532 gallicos
625 2478 656 2531 p.
747 2465 791 2516 esa„
811 2465 837 2531 ἢ
855 2463 876 2519 Ι.
897 2462 965 2532 Sp:
988 2463 1087 2532 bein-

69 2533 153 2604 gulos
170 2548 236 2588 meu
255 2532 282 2588 S.
301 2537 349 2588 etc.
368 2548 392 2600 e,
408 2534 458 2615 poi
475 2533 637 2588 innuentia
654 2532 748 2588 comio
765 2534 891 2615 nepleeit.
981 2541 998 2590 5
1018 2537 1086 2589 sem.

70 2602 229 2673 olixatrip.
321 2602 482 2670 tfoli1(cf.
501 2603 595 2659 Dione.
615 2603 647 2668 Ι,
665 2607 725 2672 11):
745 2601 866 2673 follusp.
941 2605 1088 2672 al.ad.;-

69 2676 89 2731 1.
108 2691 185 2730 meu.
204 2673 232 2729 S.
246 2690 276 2743 p.
350 2674 478 2730 'itendis
497 2691 520 2730 c.
591 2679 692 2729 8oum
713 2673 798 2728 melle
811 2691 843 2744 p.
916 2675 1026 2747 colligis
1045 2693 1086 2747 cp.

70 2746 193 2802 ebelne
209 2748 213 2814 Ι
229 2743 247 2798 i.
266 2760 331 2799 mox
348 2744 416 2800 lotis
435 2762 458 2811 c,
476 2744 505 2800 in
523 2745 624 2800 balneo
642 2743 710 2800 lotis
723 2760 755 2814 p.
829 2752 863 2802 10
881 2747 917 2814 cf.
930 2748 990 2804 aim.
1005 2749 1086 2804 Alex.

71 2818 120 2874 Tr.
132 2834 164 2887 p.
179 2820 234 2871 534
246 2815 314 2871 Bor.
389 2822 420 2871 11
435 2815 576 2872 libhiuites
590 2832 612 2882 c,
631 2815 759 2872 litiuntcs
769 2834 801 2886 p.
857 2820 903 2882 ·‚et
916 2816 1038 2875 mincius
1052 2851 1087 2860 -

70 2890 128 2959 (12)
148 2888 251 2944 vocent
264 2904 299 2957 p:
317 2902 367 2942 om.
387 2903 409 2943 e.
483 2889 613 2957 lelicp.
688 2884 1088 2962 ltlsbinnsewr‘mllp.

105 2966 121 2995 0
456 2963 459 2970 .

69 3000 129 3066 pet.
140 3011 172 3066 p.
238 2999 271 3050 14
286 2998 353 3076 sep's.
363 3011 399 3064 p:
414 3009 465 3049 om.
479 3010 502 3050 c.
565 2994 666 3078 effi]
679 2995 742 3064 (sic)
757 2999 772 3056 3
789 2995 913 3066 singulos
927 3013 954 3052 c:
967 2998 1010 3062 31
1025 2999 1088 3066 (ooo.

70 3068 162 3192 riis·
223 3065 871 3206 l⁵a⁰ii¹t¹i⁸1llill⁰i⁶iffli⁸nlffl¹in
895 3066 1087 3194 illidii}

70 3225 97 3275 a,
127 3137 284 3264 ambliae
304 3224 336 3276 p.
390 3177 462 3262 uem
492 3209 619 3264 umnec
649 3153 813 3264 accubuo
839 3210 871 3264 ee
901 3209 1088 3265 aureamento

70 3279 231 3334 Alexandri
247 3277 333 3333 Trall.
352 3279 436 3333 inlini
454 3279 530 3346 (poet
547 3296 588 3349 pr.
604 3280 663 3346 IX,
677 3280 706 3348 6)
723 3279 772 3350 ΙΙ,
791 3285 848 3336 188
861 3281 934 3350 quod
952 3281 1087 3335 cimbcra

71 3349 184 3404 Simosee
202 3348 272 3404 Jove.
285 3364 307 3404 s.
325 3365 350 3403 c.
365 3349 497 3426 liselidos.
569 3352 686 3406 vulnere
700 3365 730 3419 p.
805 3357 838 3408 18
853 3354 882 3407 et
900 3350 1050 3422 diligenter
1068 3351 1087 3405 i.

71 3437 94 3475 e.
115 3419 142 3474 d.
163 3435 186 3475 c.
233 3489 250 3504 ..
269 3425 303 3474 20
322 3419 405 3475 orbim
424 3435 450 3487 c,
473 3422 571 3492 contum
585 3438 616 3506 p.
689 3420 852 3504 descsmatd
866 3439 907 3505 p,
925 3438 976 3478 om.
995 3437 1010 3476 e
1027 3421 1089 3491 (qui

67 3495 133 3560 post
151 3491 252 3561 lapetn
271 3497 325 3546 aeis
344 3491 423 3546 dubet
440 3491 613 3562 descemetr).
686 3507 753 3548 sem.
770 3497 833 3562 post
851 3510 909 3564 epu
927 3509 977 3548 om.
997 3508 1020 3548 c.

127 3587 348 3630 decerneretis
374 3589 409 3631 ad.
423 3590 451 3632 V.
465 3589 531 3631 Bone.
911 3586 927 3634 8
