2452 4014
544 239 764 304 ..75-

149 403 263 447 morem
286 403 323 446 ex
342 403 374 446 se
393 385 546 447 dimittens
564 387 595 446 in
614 394 757 463 utrasque
776 392 876 463 partes
894 384 1024 444 lancium
1044 392 1157 462 spargat

149 484 180 535 et
197 493 258 536 non
275 491 330 554 per
349 473 481 535 medinm
498 472 675 535 destillando
692 472 842 552 pulmonis
858 471 1044 533 altitudinem
1059 470 1160 554 laedat,

150 565 228 625 sicut
246 571 363 624 ceterae
377 581 451 624 uvae
466 563 587 624 laniunt.
618 569 742 641 propter
757 578 790 621 ea
810 560 960 640 chirurgia
977 559 1159 640 prohibetur.

238 653 401 713 curationis
428 667 499 712 vern
527 657 663 730 tempore
689 652 720 710 in
747 651 813 729 ipso
841 650 926 711 britio
953 648 989 709 ad
1017 667 1092 710 uvas
1119 657 1159 711 tu·

122 748 266 802 amentes
294 747 324 801 et
347 741 534 820 summissas,
562 756 635 818 quas
658 737 764 799 Graeci
789 737 1027 800 cechalasmenas
1047 746 1161 818 *vocant

150 839 180 890 et
198 827 383 891 tumentibus
402 827 538 889 faucibus
556 829 602 889 uti
622 834 741 907 oportet
758 825 806 888 dia
824 829 944 907 pityrcu
963 829 1159 906 auagargaris·

150 925 241 999 mate,
268 916 298 977 id
326 924 372 978 est
400 935 436 977 ex
464 915 613 978 cantabro.
656 923 687 976 et
709 916 866 977 coniicitur
895 917 948 976 sic.
990 913 1161 976 cantabrum

149 1023 210 1066 non
238 1006 326 1066 ninus
350 1004 490 1067 calcatius
513 1007 598 1066 tenui
619 1003 741 1066 linteolo
768 1003 913 1084 illigatum
936 1005 1037 1064 mittes
1066 1006 1099 1064 in
1120 1021 1160 1064 oa·

150 1093 223 1155 cabo
252 1093 335 1155 fictili
364 1103 394 1154 et
421 1112 497 1155 novo
525 1102 577 1156 aut
604 1101 685 1156 certe
714 1111 806 1154 aeneo
835 1099 971 1172 stagnato
995 1099 1025 1152 et
1055 1091 1162 1153 adiecta

52 1208 78 1247 a·
90 1181 232 1250 ror.dulci
254 1199 329 1261 aqua
353 1182 443 1244 addes
463 1183 468 1259 Ι
489 1185 599 1244 siccam
615 1199 714 1243 rosam
734 1189 764 1242 et
781 1180 925 1261 palmulas
947 1183 1082 1261 pingues·
1096 1176 1161 1260 (et)

151 1269 290 1334 lenticula
324 1271 463 1333 admixta
483 1271 560 1333 sales
592 1269 807 1336 alexandrinos.
843 1271 953 1334 ,omnia
980 1269 1016 1331 ad
1047 1269 1162 1330 modum

150 1362 265 1441 mittes,
294 1366 324 1421 et
356 1377 467 1439 coques
495 1360 590 1422 donec
622 1358 763 1421 lenticula
795 1365 949 1439 coquatur.
994 1365 1065 1439 post
1097 1357 1161 1418 hacc

150 1451 250 1529 ipsum
268 1467 374 1510 sucum
397 1448 533 1528 liquabis.
569 1447 647 1509 benc
670 1455 869 1527 temperatum
890 1456 920 1509 et
939 1465 999 1508 non
1018 1448 1162 1508 viscosum

151 1555 207 1597 nec
230 1539 340 1599 iterum
362 1539 451 1598 nimis
469 1545 610 1616 aquatum
629 1536 753 1618 efficias,
778 1544 808 1597 et
826 1535 925 1597 addito
944 1534 1064 1597 modico
1083 1533 1161 1597 melle

112 1641 137 1678 1⁵
152 1624 326 1704 despumato
350 1625 593 1705 gargarizandum
615 1623 796 1704 patientibus
816 1623 900 1686 dabis
923 1642 983 1685 nnn
1006 1625 1101 1684 nimis
1123 1639 1161 1683 oa·

151 1712 244 1773 lidum
272 1731 369 1793 neque
392 1715 504 1775 iterum
530 1712 680 1792 trigidum.
717 1715 827 1774 etenim
855 1715 882 1774 si
904 1712 1048 1792 frigidum
1070 1713 1162 1791 luerit,

151 1800 336 1864 tumentibus
358 1801 493 1881 partibus
517 1802 723 1863 manifestatur
742 1819 808 1864 esse
828 1803 1019 1863 contrarium.
1059 1803 1162 1862 iterun

151 1893 178 1952 si
201 1892 289 1952 nimis
312 1889 440 1952 calidum
463 1891 568 1972 luerit,
590 1888 655 1951 loca
678 1890 795 1951 fervore
819 1907 944 1952 aceensa
966 1890 1071 1950 inurit.
1117 1886 1161 1949 sed

153 1979 264 2040 sufficit
285 1987 401 2042 tantum
419 1986 454 2040 ut
472 1978 638 2040 seeundum
657 1986 769 2040 tactum
791 1986 926 2057 teporem
945 1975 1054 2038 habeat
1076 1977 1162 2055 lactis,

112 2080 138 2120 20
153 2066 232 2145 quod
256 2066 361 2127 Graeci
384 2067 551 2147 galactodes
571 2073 686 2128 uncant.

241 2154 418 2216 diachrisma
446 2157 623 2216 stomaticon
650 2155 681 2215 id
708 2161 755 2216 cst
781 2153 1002 2216 inlinimentnm
1029 2157 1078 2215 ori
1101 2169 1162 2214 oon·

223 2349 239 2396 2
263 2340 464 2398 destillandnm
486 2358 517 2410 9,
541 2340 704 2398 distillando
728 2359 770 2412 cp.
878 2345 894 2396 5
917 2340 1011 2396 theles
1037 2355 1163 2408 menesy

153 2411 237 2484 (teies
260 2421 338 2468 meas
355 2413 401 2484 p),
425 2412 615 2468 lholusmonas
640 2431 654 2469 c
676 2415 706 2484 (i.
731 2431 751 2470 e.
776 2409 988 2494 κεχαλασμένας
1009 2411 1075 2468 Gal.
1090 2411 1163 2476 XII,

152 2489 207 2540 944
225 2486 293 2553 αα).
365 2491 382 2539 6
400 2482 579 2553 Dispitirone
602 2484 804 2554 gergamsmale
822 2500 853 2553 9,
877 2481 1029 2553 dispitiron
1048 2499 1127 2554 garg.
1144 2497 1164 2550 a,

152 2554 311 2625 diapetnon
347 2571 480 2624 onager.
512 2571 543 2625 1³·
659 2562 676 2611 8
712 2555 847 2611 calcatius
882 2569 927 2624 yet
965 2553 1106 2609 calcetum
1136 2569 1163 2622 p.

152 2626 239 2694 illilili
254 2627 378 2696 e)gatnm
395 2642 440 2694 ραι
473 2624 580 2680 'atum
594 2642 624 2694 p.
696 2624 786 2681 mittis
803 2642 863 2696 μορ.
948 2622 980 2678 in
997 2625 1163 2681 cacabo...

153 2698 297 2766 stegnetc:
316 2697 356 2751 sic
373 2712 433 2764 ρῳ.
506 2703 522 2749 9
542 2700 617 2751 corte
636 2699 851 2766 aeneo‚(encoc
881 2697 1012 2766 stagnata
1027 2712 1075 2765 ep:
1095 2696 1163 2773 certe

152 2767 284 2835 plumbeo
303 2767 349 2821 vel
368 2767 413 2820 sle
433 2783 485 2821 neo
503 2767 549 2821 vel
568 2783 637 2823 cneo
650 2785 681 2837 p.
792 2775 825 2824 10
862 2766 938 2822 ulcio
956 2782 1028 2835 quae
1046 2783 1065 2836 q
1084 2765 1165 2835 (dnle1

153 2836 457 2978 llllllllllal
471 2835 1162 2978 tunultu‘tuttatttuatutut

236 2950 242 2963 ·
431 2950 437 2963 ·
678 2952 684 2964 ·
723 2951 729 2962 ·
1157 2945 1163 2972 t

152 2985 276 3078 rintorp)
298 3011 350 3065 nep
372 2996 402 3065 (l.
426 2995 552 3050 admixta
578 2996 673 3065 Petu).
783 3003 817 3052 15
839 2999 873 3052 nt
894 2996 1164 3121 {manzunculas

153 3068 341 3136 (gergeseus
360 3081 382 3134 c,
400 3067 525 3121 —aando
540 3084 563 3136 p
581 3083 631 3124 om.
650 3067 701 3134 nt).
774 3085 800 3122 n.
817 3086 844 3122 n.
863 3067 901 3122 da
920 3066 944 3122 is
963 3067 1084 3136 (ilesunc)
1104 3066 1165 3122 oali·

153 3139 221 3193 dnm
239 3154 262 3192 c.
344 3143 376 3191 16
395 3136 531 3208 frigidum
546 3180 552 3193 .
568 3181 574 3194 .
590 3182 597 3194 .
613 3138 784 3194 contrarium
802 3139 849 3208 (sc.
871 3138 1111 3208 enngargnrisma)
1128 3137 1164 3192 aie

152 3224 213 3279 nep.
287 3214 319 3262 19
335 3207 562 3263 suffieittanlum
576 3211 628 3278 (tm
643 3212 667 3279 o)
681 3212 715 3264 nl
726 3225 770 3279 oc:
790 3225 839 3266 om.
850 3226 882 3278 p.
954 3208 1163 3280 angebatnon

152 3296 179 3349 9,
197 3277 344 3404 {siebodus
363 3296 385 3348 c,
405 3279 549 3363 oololodes
558 3297 581 3350 p
596 3281 643 3350 (cf.
658 3282 753 3336 Aurei.
769 3297 790 3336 e.
806 3282 860 3349 14).
946 3286 979 3335 21
996 3279 1163 3364 dincrissmm

152 3367 179 3420 y,
217 3365 346 3406 tacnsme
365 3367 393 3419 c,
413 3350 599 3420 dtecnsmnp
622 3352 668 3420 (cf.
687 3347 844 3420 διάχριστοι
862 3351 1026 3422 σωματικαὶ
1044 3352 1087 3407 vel
1104 3352 1162 3405 tm-

152 3417 418 3492 χριατὸστοματιαά
434 3421 535 3476 aanor·
549 3421 625 3476 XII
627 3462 635 3490 ,
648 3427 705 3479 938
718 3425 795 3492 ann).
868 3422 1016 3478 stomatice
1035 3419 1161 3491 (romane

152 3493 193 3547 otc
211 3494 235 3562 c)
253 3509 298 3562 91³.
401 3493 452 3550 hoc
470 3491 570 3548 Gelani
591 3493 649 3560 fuit
671 3511 690 3549 a
708 3493 813 3550 Gelono
831 3495 923 3564 primo
940 3495 1076 3550 bodium
1093 3491 1161 3562 (XII,
