2510 4020
519 225 738 290 ,44-

122 379 295 433 steatomata
327 379 478 433 vocantur.
524 389 593 432 nam
626 370 731 431 Graeci
765 371 881 451 adipem
915 378 994 431 stear
1025 369 1155 432 dicunt.

121 468 287 522 nascuntur
315 460 489 539 frequenter
515 463 547 521 iu
575 460 744 520 articulosis
772 467 803 521 et
829 461 964 520 nervosis
991 457 1064 521 locis
1094 459 1155 520 ch

122 548 300 610 musculosis
315 556 345 609 et
359 548 582 629 cartilaginosis.
611 556 642 609 et
655 548 791 609 similiter
805 556 839 610 ut
854 549 968 609 scrofae
987 555 1153 608 curantur.

342 707 470 769 XXVIII.
506 707 555 768 Ad
579 711 721 769 aurium
745 706 914 768 dolorem.

95 847 107 886 ο
211 831 336 892 Aurium
355 831 473 892 dolores
492 832 664 898 ellicIuntur
682 850 719 892 ex
737 831 924 892 antecedenti
945 830 1153 910 perfrictione

123 940 159 982 ex
183 920 290 1000 frigido
318 927 406 981 vento
434 919 523 981 llante
551 928 603 982 aut
631 939 667 981 ex
695 919 818 981 lavacris
847 918 961 999 frigidis
990 927 1041 980 aut
1063 937 1152 998 aqua

122 1012 154 1069 in
181 1011 245 1087 ipsa
273 1027 398 1070 caverna
429 1009 575 1070 auditoria
598 1011 735 1069 irruenti.
772 1016 824 1069 aut
846 1027 883 1069 ex
906 1016 1024 1069 tumore
1047 1025 1151 1068 mem-

122 1097 232 1157 branae
252 1116 340 1177 supra
362 1097 459 1158 dIctae
478 1096 641 1158 auditoriae
661 1115 804 1158 cavernae
827 1105 879 1158 aut
901 1096 1012 1159 saniola
1035 1096 1152 1158 liuenti

123 1193 175 1246 aut
206 1188 381 1248 ventositate
415 1186 529 1247 inclusa
561 1195 710 1247 tumorem
737 1186 864 1247 iaciente
892 1193 944 1246 aut
974 1184 1151 1246 sordiculae

83 1274 170 1335 10veI
192 1282 456 1354 purgamentorum
480 1274 653 1337 obtrusione
678 1275 768 1356 lacta,
791 1293 858 1335 oum
876 1277 996 1358 ‚exitum
1019 1275 1151 1334 minime

123 1361 260 1424 hahuerit
284 1382 374 1444 supra
397 1364 475 1427 dicta
498 1366 673 1444 ventositas,
697 1363 815 1424 dolores
838 1363 1019 1424 efficiuntur.

213 1453 375 1513 curationis
403 1462 502 1514 autem
530 1461 664 1532 tempore
693 1454 724 1513 in
751 1453 816 1532 ipso
847 1453 932 1512 initio
956 1451 1065 1511 doloris
1090 1449 1152 1512 ali-

124 1558 182 1619 qua
205 1559 242 1600 ex
264 1541 424 1620 praedictis
448 1541 483 1601 ad
507 1540 640 1601 dolorem
664 1542 769 1620 capitis
794 1542 933 1620 superius
957 1542 1066 1618 scrIpta
1091 1557 1152 1600 cx-

123 1630 272 1689 trinsecus
295 1626 430 1690 adhiberi
454 1628 597 1690 sumenda
620 1628 807 1710 mandamus,
830 1647 865 1690 ea
888 1647 959 1690 vero
979 1646 1053 1708 quae
1072 1646 1151 1707 pro-

84 1732 109 1772 15
123 1719 188 1797 prie
211 1719 242 1777 in
265 1719 339 1798 Ipsis
363 1719 496 1778 cavernis
520 1716 702 1778 instillantur
726 1737 806 1779 nunc
830 1718 971 1784 dicemus.

214 1805 250 1866 ad
273 1805 406 1867 dolorem
429 1809 555 1868 aurium.
597 1814 753 1886 gesentera
780 1806 811 1867 id
835 1814 880 1867 est
903 1804 1080 1866 vermiculos
1104 1804 1151 1868 de

124 1896 242 1975 arrugia
269 1903 321 1956 aut
349 1913 471 1957 araneas
499 1903 551 1956 aut
578 1895 683 1956 asellos
711 1913 786 1975 quos
814 1894 920 1956 Graeci
949 1896 1066 1955 oniscos
1098 1891 1150 1955 di·

124 1991 197 2044 cunt
232 2016 271 2027 -
305 1995 471 2046 nascuntur
502 1985 533 2044 in
565 1984 713 2045 humectis
745 1983 818 2057 Iocis
851 1983 1005 2044 hominum
1028 1989 1152 2044 tactum

197 2142 211 2189 1
231 2153 310 2190 scear
328 2153 349 2191 c.
437 2143 453 2190 3
472 2135 671 2206 cartillagiosis
688 2153 713 2206 9.
804 2142 821 2190 4
839 2137 882 2192 ct.
901 2135 945 2190 Ad
964 2135 1073 2190 aurium
1091 2135 1152 2190 do-

124 2208 213 2261 lorem
232 2207 295 2276 (dol
307 2207 336 2276 y)
353 2222 394 2293 pc²
412 2206 454 2260 De
467 2207 563 2261 dolore
578 2207 688 2262 aurium
698 2225 728 2276 p.
801 2212 887 2261 5-11
904 2207 1029 2262 dolorum
1042 2223 1153 2262 causae

124 2303 158 2323 =
178 2277 240 2334 cat.
260 2272 344 2345 (cccci
363 2278 438 2345 con.)
457 2277 522 2344 XII,
543 2283 593 2332 599
612 2279 698 2343 (tende
714 2277 906 2334 Pseudo-Gal.
926 2279 1046 2347 ἄφθονοί
1065 2277 1149 2348 XIV,

123 2354 177 2404 330
196 2348 230 2415 cf.
252 2348 302 2402 Ta.
324 2349 413 2404 Prisc.
434 2348 459 2416 1,
480 2353 517 2418 7),
615 2347 850 2418 operiricctione
864 2366 895 2418 p.
997 2349 1062 2402 'lin
1078 2348 1153 2418 ipsa

124 2435 244 2474 caverna
262 2425 308 2474 etc.
327 2420 407 2488 (obl.)
424 2435 484 2490 ρον).
592 2419 710 2474 irruenti
733 2437 751 2491 p
775 2419 846 2488 (-ti
864 2421 945 2474 etlam
964 2420 1016 2488 cp).
1126 2427 1151 2476 8
1253 2422 1254 2483 l

123 2490 221 2546 fluenti
238 2507 281 2560 9ο,
301 2493 364 2546 -te
379 2507 409 2560 p.
483 2495 499 2545 9
518 2491 630 2545 sordida
650 2493 714 2560 (pro
733 2491 840 2559 -cla?)
859 2508 893 2561 9,
912 2490 993 2544 sorde
1013 2506 1036 2557 c,
1054 2490 1152 2544 sordi·
1253 2494 1254 2499 ’

123 2562 209 2632 desp
229 2565 273 2632 (ex
296 2561 424 2617 sordibus
447 2561 541 2631 Pon).
650 2567 683 2616 10
704 2561 865 2618 obtrusione
883 2579 913 2633 9,
938 2561 1096 2616 -trutIone
1111 2579 1151 2632 p,

123 2634 279 2688 ostrusione
299 2650 313 2687 c
331 2631 517 2702 (obstrusione
538 2633 633 2701 Pom).
746 2639 778 2686 12
793 2633 888 2701 eliqua
907 2649 952 2701 cp:
971 2631 1098 2702 aliquem
1116 2649 1149 2702 q.

125 2710 159 2828 ῗῗ
177 2705 306 2830 :nsit
325 2704 461 2828 :litia
479 2703 696 2844 {ddisti-¹0
713 2704 910 2844 pam
927 2702 1091 2844 lualidtis
1109 2722 1151 2831 Ie·

123 2845 153 2899 in
171 2844 240 2915 ipsis
259 2844 398 2900 cavernis:
417 2845 458 2898 sic
474 2861 534 2914 pap.
621 2845 740 2900 dicimus
759 2862 800 2915 cp.
891 2851 923 2900 16
942 2844 978 2900 ed
998 2844 1053 2915 (Ad
1070 2848 1095 2914 c)
1115 2846 1149 2901 d.

125 2916 233 2970 aurium
251 2932 296 2985 pc:
317 2931 367 2972 om,
382 2932 412 2984 p.
495 2917 600 2984 θηρίον
619 2909 635 2969 ὃ
654 2917 706 2986 γῆς
726 2914 841 2984 ἔντερον
860 2920 987 2971 καλεῖται
1004 2933 1038 2970 ecc
1055 2917 1150 2986 Apol—

124 2988 199 3042 lonio
217 2987 281 3042 Gal.
302 2987 383 3052 XII,
397 2990 460 3041 649.
533 2987 701 3043 vermiculos
715 3005 733 3058 9
747 2988 836 3054 (-Ios
850 2989 902 3056 cp).
977 2993 1009 3043 ll
1029 2989 1152 3058 arrugia.

123 3075 160 3129 pp
179 3059 226 3125 (cf.
247 3058 350 3125 eitun
370 3057 499 3127 auringia
518 3074 539 3113 o.
631 3058 741 3114 oniscos
759 3075 789 3128 9²
808 3057 918 3113 anisoos
932 3075 968 3128 p,
987 3059 1101 3114 oniscon
1120 3077 1148 3116 c.

125 3134 158 3182 18
183 3131 216 3184 de
238 3130 339 3184 coiecto
361 3129 394 3183 o'n
417 3131 505 3183 eodem
531 3136 690 3198 cccccccccc
715 3131 756 3185 sic
778 3146 811 3184 ex
833 3129 997 3198 Asclepiade
1020 3130 1151 3188 catenus

124 3199 201 3270 (XII,
225 3200 300 3269 634):
330 3199 402 3264 ζῶον
426 3198 458 3253 δέ
478 3197 537 3254 ἐστι
558 3197 705 3255 πολύπουν
725 3196 756 3256 ἐν
780 3206 839 3262 τοῖς
860 3195 995 3288 ὑδρηροῖς
1017 3195 1151 3288 ἄγχείοις

125 3271 172 3338 (cf.
189 3271 270 3338 XII,
289 3275 342 3326 641
358 3276 382 3324 ct
396 3275 454 3326 623
473 3288 506 3325 ex
520 3272 674 3342 Archigene
689 3267 757 3334 τοὺς
771 3267 818 3326 ἐπὶ
836 3277 899 3334 ταῖς
916 3272 1028 3338 aaaron
1046 3279 1151 3342 ονονς)

125 3341 174 3396 nod
193 3338 225 3397 ἐν
248 3347 310 3405 ταῖς
334 3343 465 3409 nocolone
482 3337 676 3412 γεννώμενον,
701 3337 775 3397 κατὰ
799 3339 831 3396 δὲ
850 3337 902 3404 τὰς
920 3342 976 3396 τῶν
994 3339 1149 3399 δακτύλων

126 3408 284 3483 ἒπαφήσεις
298 3407 520 3483 οφαιρούμενον.
595 3417 628 3468 18
644 3413 790 3468 humidum
803 3414 913 3468 tontum
928 3413 948 3467 f.
963 3429 977 3466 c
992 3415 1033 3482 (ut
1046 3413 1151 3471 simon

123 3500 145 3538 a.
165 3487 288 3540 ociacute
305 3483 454 3538 humidum
471 3485 566 3539 tomen
587 3483 626 3555 l).
