2510 4020
548 218 743 282 ...8-

144 365 252 426 tundes
282 381 372 442 supra
399 363 492 424 dictas
521 365 635 443 species
664 371 693 423 et
722 381 841 443 cernes,
869 370 899 423 et
926 364 1022 442 primo
1048 361 1161 423 calcem

145 471 213 514 cum
241 471 317 532 aqua
344 456 525 531 competenti
553 471 663 531 coques
691 454 722 512 in
750 470 825 512 novo
861 451 969 512 cacabo
997 459 1093 512 testeo
1126 460 1161 512 nt

144 560 204 602 non
232 541 337 602 durius
369 541 422 601 sed
454 541 599 619 liquidum
627 541 775 620 videatur,
807 548 837 600 et
869 542 911 601 sic
944 558 1035 619 supra
1066 539 1161 600 dictas

145 632 260 709 species
287 647 532 710 superasperges,
560 639 591 690 et
617 629 722 690 leviter
749 647 861 707 coques
893 637 923 688 et
954 645 1051 708 penna
1079 628 1161 707 galli·

53 729 236 780 r·170nacea
254 716 393 797 probabis
412 736 487 796 quae
507 736 567 778 non
587 719 677 780 luerit
695 717 760 778 oleo
782 710 785 800 l
805 717 925 796 pollute.
962 726 1034 777 tunc
1056 717 1161 796 paulu·

145 806 206 868 lum
230 815 384 886 tepescere
408 809 488 867 sines
512 815 542 867 et
566 809 608 866 sic
627 815 716 886 ceput
735 814 839 867 contra
858 805 1060 886 capillaturam
1083 805 1161 866 lines

145 897 260 956 cautius
289 913 326 956 ne
355 894 458 955 oculos
489 898 652 975 contingat,
681 903 711 955 et
743 914 811 956 cum
843 895 1028 955 sufficienter
1060 903 1162 955 cutem

145 985 309 1062 constringi
337 987 487 1044 senserint
513 987 544 1044 in
573 1002 712 1062 vaporem
745 985 859 1056 mittes,
894 990 924 1043 et
951 1001 1020 1044 cum
1053 983 1162 1045 sudare

145 1074 311 1152 coeperint,
340 1071 434 1132 oculis
462 1073 571 1133 clausis
599 1072 644 1144 vel
673 1090 763 1152 supra
790 1072 911 1132 linteolo
940 1071 1036 1151 ligatis
1065 1079 1163 1133 totum

105 1174 130 1214 10
145 1168 234 1239 caput
257 1160 442 1221 catalricabis
465 1169 496 1222 et
519 1160 632 1222 adiecta
662 1179 738 1240 aqua
761 1159 853 1221 calida
876 1159 998 1241 lavebiS,
1023 1168 1053 1220 et
1080 1168 1162 1239 post·

146 1267 233 1329 quam
256 1249 375 1330 laveris,
398 1267 519 1329 asperso
543 1249 684 1311 cantabro
710 1248 845 1309 manibus
865 1249 1017 1310 moderate
1040 1248 1163 1309 fricabis

28 1384 31 1390 .
145 1340 302 1400 etiterum
321 1337 438 1398 lavabis.
472 1345 544 1411 tunc
563 1338 628 1399 oleo
646 1346 872 1418 perungues‘et
894 1340 925 1398 in
945 1338 1018 1399 solio
1038 1337 1162 1398 descen-

145 1427 216 1488 dere
241 1427 372 1488 dimittes
395 1436 425 1488 et
454 1435 523 1507 post
545 1445 639 1488 unum
663 1427 742 1487 diem
763 1429 795 1487 in
815 1426 876 1487 sole
901 1434 997 1487 totum
1016 1435 1106 1506 caput
1125 1426 1162 1485 ad

145 1515 280 1594 scapulas
303 1534 358 1595 per
377 1515 440 1576 dies
461 1534 587 1576 numero
606 1517 738 1595 quinque
758 1515 885 1594 dropace
904 1515 1036 1576 induces.
1074 1516 1163 1576 cuius

106 1615 131 1656 15
146 1604 282 1682 dropacis
311 1605 457 1664 confectio
481 1604 547 1664 talis
575 1612 629 1665 est.
676 1621 778 1684 cerae,
804 1605 880 1683 picis
908 1605 1017 1684 siccae,
1044 1606 1163 1664 resinae

145 1694 287 1773 pituinae‚
304 1693 377 1752 nitri
394 1691 486 1752 libras
505 1693 645 1772 singulas,
668 1694 785 1754 resinae
804 1693 897 1752 frixae
915 1703 950 1753 ÷
969 1691 1016 1772 vt,
1038 1695 1164 1773 pyretri‚

145 1781 299 1842 bituminis
327 1780 449 1862 iudaici,
485 1780 637 1860 sulphuris
668 1781 739 1860 vivi,
772 1779 895 1841 ellebori
927 1779 999 1859 albi,
1031 1780 1164 1861 adarces‚

146 1871 336 1949 stalisagriae‚
355 1859 489 1930 omnium
512 1872 680 1949 specierum
701 1867 739 1928 Vl
757 1871 860 1930 uncias
883 1869 977 1949 binas,
999 1870 1111 1948 piperis
1133 1879 1165 1929 et

146 1959 204 2019 olei
223 1960 347 2038 sicyonii
365 1960 469 2018 uncias
488 1967 656 2037 quaternas.
689 1960 818 2036 peractis
832 1976 902 2017 vero
923 1957 1059 2036 dropacis
1076 1959 1163 2035 quin·

106 2061 132 2100 20
147 2065 204 2126 que
233 2045 338 2106 diebus
366 2049 397 2106 in
424 2046 539 2106 lavacro
569 2053 764 2126 sympasmate
793 2048 886 2107 uteris
915 2045 994 2125 quod
1023 2046 1164 2106 conficies

218 2206 232 2252 1
248 2199 349 2254 tondes
358 2216 389 2268 p.
462 2206 478 2254 3
498 2200 562 2266 duit
577 2241 583 2254 .
600 2243 605 2255 .
622 2198 740 2269 ‚liquid'
751 2216 781 2268 p.
855 2205 872 2253 4
886 2198 1009 2269 aspersis
1020 2216 1050 2268 p,
1069 2217 1164 2268 asper·

146 2271 189 2342 gis
209 2287 230 2327 c.
302 2271 405 2325 leniter
424 2288 445 2325 c.
519 2269 616 2339 coquis
635 2287 657 2327 c.
746 2272 800 2324 ct.
821 2269 887 2324 sinis
905 2287 950 2340 pp,
969 2269 1121 2340 tepefacies
1141 2288 1164 2327 c.

145 2342 211 2398 linis
238 2358 298 2413 ppc.
391 2341 561 2412 'leontiget
585 2346 649 2396 onte
672 2357 741 2396 corr.
759 2358 785 2411 p.
876 2344 970 2395 cutem
993 2341 1165 2396 sufficienter

146 2413 247 2484 stringi
265 2432 286 2468 s.
306 2430 328 2468 c.
402 2419 541 2482 8vapore
560 2428 582 2466 c.
656 2411 811 2482 eoeperint
828 2430 857 2483 p:
878 2411 985 2481 ceperit
999 2429 1043 2480 pc.
1119 2413 1164 2467 vel

145 2484 263 2540 linteolo
282 2500 367 2554 supra
382 2501 411 2552 p.
486 2489 520 2538 to
539 2480 717 2538 catafricebis
731 2485 761 2551 (t)
774 2499 819 2553 pc:
839 2482 1056 2552 cataplosmebis
1076 2485 1164 2551 (oeta-

145 2555 242 2625 pl'ub')
256 2573 287 2624 p.
378 2554 517 2610 levaveris
529 2570 561 2624 p.
653 2559 685 2607 11
706 2555 853 2609 cantabro:
872 2561 903 2624 9⁰
921 2571 1058 2623 suprascr.
1078 2554 1163 2610 chlia.

145 2625 263 2697 frigebis
277 2643 308 2694 p.
400 2632 433 2685 12
451 2641 592 2695 perunges
605 2641 641 2694 p,
668 2624 746 2695 -gis
766 2641 787 2680 c.
884 2625 914 2678 in
937 2624 1007 2680 solio
1027 2623 1162 2708 (solium):

105 2717 108 2722 ·
146 2697 216 2751 solio
236 2699 400 2764 (suprascr.
419 2701 450 2765 9⁰
467 2696 571 2750 balneu
588 2695 705 2762 sudoris)
718 2711 770 2765 pop
790 2695 914 2768 (emin).
990 2702 1022 2749 13
1042 2695 1163 2750 dimittrs

145 2784 197 2837 ppo
216 2766 346 2833 (dimittis
365 2766 532 2821 descendere
552 2768 586 2834 c).
659 2767 723 2836 post
741 2783 769 2820 c:
788 2783 839 2835 per
855 2783 901 2836 pp.
973 2765 1009 2818 ad
1027 2784 1056 2838 p:
1075 2784 1164 2836 nsque

146 2837 182 2891 ad
197 2853 242 2906 pc.
336 2842 369 2890 14
387 2854 502 2892 numero
520 2853 565 2909 pc:
585 2853 635 2890 om.
651 2853 681 2905 p.
775 2839 921 2907 tropseem
942 2854 963 2891 c.
1053 2836 1164 2893 inducis

145 2923 205 2978 ppc.
280 2913 312 2961 tt
332 2907 460 2977 dropacis
479 2924 528 2964 om.
549 2925 571 2962 c.
644 2907 688 2961 est
705 2907 771 2961 talis
790 2925 811 2962 c.
886 2914 918 2961 1o
938 2907 1047 2976 pituine
1066 2937 1100 2948 -
1120 2925 1163 2963 re-

147 2978 206 3032 sine
225 2995 276 3034 om.
296 2995 318 3032 c.
356 2979 456 3033 abhinc
473 2980 531 3033 uisi
548 2979 635 3048 plone
657 2994 707 3034 reos
725 2973 816 3045 deficit
834 2979 890 3034 cod.
910 2997 940 3048 p,
959 2981 1164 3048 praeempto

147 3065 233 3104 causo
255 3050 393 3117 adscripsi
419 3050 490 3103 vitia
517 3050 641 3104 codicum
663 3066 710 3118 cp,
732 3054 764 3102 ut
786 3055 852 3103 suot
873 3049 1089 3104 irretrmerabelr'a
1115 3067 1164 3104 ree-
1241 3059 1242 3088 ³

146 3121 227 3189 plexi.
316 3125 347 3173 17
368 3119 483 3175 edorres
499 3137 552 3192 ppo
570 3120 667 3190 (ursini
684 3119 808 3174 testiculi
826 3135 982 3187 suprascr.
1001 3121 1050 3191 ψ).
1130 3127 1163 3175 18

147 3190 274 3244 omnium
293 3221 326 3230 -
345 3189 442 3245 uncias
460 3208 509 3246 om.
524 3209 563 3260 p,
582 3192 631 3261 qui
648 3192 727 3246 babet
745 3190 823 3260 egris
842 3196 878 3245 ab
895 3193 922 3257 ἢ
940 3190 1000 3263 <VI
1019 3192 1082 3246 add.
1097 3191 1164 3264 1⁰⁰>-

147 3259 186 3316 VI
205 3279 231 3315 c:
255 3263 363 3330 septem
387 3279 412 3332 p.
505 3269 537 3316 ts
557 3261 677 3316 sicionii:
707 3278 741 3316 ox
764 3261 918 3316 cucumeris
945 3261 1103 3332 agrestibus
1131 3264 1166 3316 fit

147 3348 285 3400 svprascr.
304 3339 342 3403 90.
451 3339 485 3387 20
504 3340 517 3387 i
534 3333 648 3388 lavacro
663 3349 713 3401 pc:
739 3332 883 3387 bilevecro
901 3333 961 3402 (sic)
980 3350 1005 3403 p.
1097 3333 1165 3388 sim-

147 3419 246 3472 pesms
263 3419 308 3529 phe:
328 3403 509 3473 sinplasmate
523 3422 554 3474 p.
627 3403 738 3472 quodp
758 3406 825 3472 (c?):
849 3419 934 3472 qnam
951 3420 977 3473 9.
1051 3403 1165 3459 conficis

147 3491 193 3545 pc,
211 3492 272 3530 -or
285 3493 319 3530 ur
332 3491 362 3544 p.
