2510 4020
538 197 858 293 -ao-'

138 374 277 436 fundatae
301 383 331 436 et
353 373 520 435 immobiles
538 373 584 434 ael
608 372 731 435 callosae
751 376 815 434 sine
839 373 949 435 dolore.
987 372 1059 434 aliae
1083 393 1158 435 vero

139 463 264 524 mobiles
287 471 317 526 et
339 463 438 524 radice
466 461 579 524 debiles
608 470 638 523 et
659 463 808 524 modicum
831 465 910 524 circa
932 462 1063 525 radicem
1086 463 1158 525 bae·

138 561 248 613 rentes.
285 553 316 613 in
339 550 503 613 infantibus
527 553 644 631 saepius
667 559 833 612 nascuntur
861 560 891 612 et
913 551 1070 632 aliquando
1101 571 1158 614 sua
1247 581 1248 590 ¹

140 649 244 722 sponte
260 640 377 701 cadunt.
410 659 571 720 quaecum
590 640 682 720 digito
701 640 813 702 luerint
831 642 1002 722 impressae,
1021 639 1158 703 dolorem

112 729 252 791 stactam
266 729 392 790 similem
405 728 555 790 morsibus
573 729 773 804 formicarum,
793 729 872 790 unde
891 747 1030 808 graecum
1045 748 1158 792 nomen

138 820 316 898 myrmecias
344 825 534 898 acceperunt.
581 825 652 880 sunt
680 816 752 878 aliae
785 836 906 898 asperae
940 826 970 879 et
1007 819 1157 900 crispulae
1247 817 1248 888 l

138 908 169 968 in
194 906 415 967 similitudinem
440 909 618 967 summitatis
637 906 738 988 thymi,
762 905 841 967 unde
860 925 876 967 a
896 907 1016 968 Graecis
1035 907 1157 989 tbymoe

138 994 331 1076 appellantur.

152 1098 154 1102 ·
228 1082 280 1143 sed
310 1083 447 1149 omnibus
476 1102 565 1164 supra
593 1084 681 1145 dictis
705 1102 763 1144 una
787 1093 833 1146 est
860 1087 982 1146 curatio.
1029 1085 1085 1147 boc
1109 1095 1159 1148 est

99 1185 125 1224 10
139 1169 283 1250 tithymali
311 1172 443 1256 lacrima,
475 1191 550 1252 quae
579 1181 625 1234 est
652 1175 682 1233 in
712 1172 934 1235 similitudinem
967 1173 1063 1258 lactis,
1097 1175 1157 1236 fre·

139 1267 267 1340 quanter
294 1263 374 1341 ipsas
401 1280 541 1323 verrucas
569 1260 680 1342 illines,
708 1269 738 1322 et
765 1263 948 1342 putrefactae
973 1262 1082 1324 cadunt
1109 1282 1157 1324 ra·

139 1347 256 1410 dicitas.
298 1349 385 1410 aliud.
427 1350 463 1411 ad
490 1353 666 1430 myrmecias
697 1351 844 1412 infantum
872 1351 1020 1413 coriandri
1052 1352 1157 1414 viridis

140 1436 209 1498 lolia
233 1456 300 1499 cum
325 1439 383 1498 sale
407 1441 479 1500 trita
502 1445 701 1519 apponuntur.

468 1579 545 1642 XIII.
581 1580 629 1640 Ad
653 1581 828 1659 stigmata.
924 1566 926 1571 ’

100 1695 126 1735 2⁵
230 1683 372 1764 Stigmata
404 1685 545 1748 dicuntur
573 1686 760 1748 characteres
788 1689 943 1769 nominati,
976 1707 1051 1768 quos
1079 1689 1156 1750 mili·

139 1775 266 1836 tantiam
289 1792 394 1835 manus
421 1774 468 1836 vel
495 1775 672 1837 seminarum
699 1793 869 1837 maurarum
892 1777 992 1838 vultus
1015 1778 1155 1840 ostendit.

229 1862 374 1924 tolluntur
405 1882 475 1924 vero
507 1864 675 1944 periculose
702 1864 917 1926 medicamento
949 1866 1156 1928 discoriatorio

141 1951 220 2030 qnod
248 1950 353 2012 Graeci
380 1952 521 2014 ecdorion
548 1961 662 2015 vocant.
709 1961 755 2013 est
778 1954 857 2014 enim
885 1956 1032 2016 causticae
1056 1963 1085 2016 et
1109 1975 1156 2016 se·

140 2041 236 2118 pticae
259 2042 378 2102 virtutis
401 2041 432 2101 id
455 2049 501 2102 est
524 2043 709 2102 incensoriae
733 2049 763 2102 et
785 2043 1025 2120 putrificatoriae.
1068 2046 1156 2105 cuius

212 2197 225 2245 1
245 2192 292 2247 vel
309 2209 353 2262 pc:
374 2193 403 2246 et
416 2208 447 2261 9.
538 2199 554 2247 2
575 2195 604 2248 et
626 2193 721 2248 radice
743 2193 861 2249 mobiles
880 2197 910 2250 et
926 2195 1021 2251 radice
1048 2196 1157 2253 debiles

141 2263 193 2330 (sic
210 2279 244 2317 ec
264 2263 372 2333 aaran
390 2264 461 2332 lect.)
478 2279 506 2332 c,
531 2264 560 2318 et
587 2263 689 2318 radicis
712 2263 813 2320 debilis
832 2281 862 2334 9.
944 2267 1086 2322 modicum
1108 2286 1156 2338 pc:

140 2350 207 2388 -ce
220 2350 252 2404 9.
325 2350 347 2388 c.
367 2333 494 2390 radicem
529 2333 559 2387 in
573 2334 729 2390 infantibus
743 2340 789 2391 etc.
804 2353 850 2408 99,
869 2353 891 2392 c.
907 2337 1031 2393 radicem
1045 2354 1158 2396 sorenes

140 2404 211 2472 (aie).
249 2405 282 2458 In
302 2403 458 2460 infantibus
477 2422 496 2460 c
519 2407 603 2475 (mide
626 2408 768 2476 serpentes
791 2409 958 2477 scripserim,
983 2410 1030 2464 sed
1055 2426 1158 2479 perum

140 2474 234 2530 radice
253 2475 418 2531 adherentes
437 2475 533 2532 Simon
550 2492 571 2531 s.
591 2477 805 2546 acrocordines).
879 2484 896 2532 4
915 2496 979 2533 cum
996 2496 1043 2549 pe:
1062 2497 1112 2536 om.
1123 2500 1157 2551 p.

140 2551 156 2601 5
170 2563 253 2616 greco
267 2546 380 2602 nomine
393 2547 557 2616 myrmeiias
572 2564 674 2603 nomen
687 2565 713 2603 a.
727 2565 753 2618 9,
772 2548 885 2603 nominc
898 2567 982 2620 greco
997 2551 1157 2608 mirmecias

137 2652 164 2690 n.
184 2652 209 2690 a.
230 2653 252 2702 c,
271 2641 290 2690 n
307 2621 359 2706 gno
378 2635 504 2691 mirmice
523 2625 542 2690 d
560 2638 763 2706 acceperuntp
782 2637 958 2706 (myrmecias
982 2655 1157 2711 praemone.

138 2708 206 2776 spi)
279 2707 336 2762 68.
352 2705 448 2761 etalio
458 2724 489 2776 9.
580 2723 611 2761 cr
637 2709 720 2777 palae
738 2709 802 2772 (litt.
817 2713 882 2776 post
899 2728 914 2762 r
932 2710 1038 2766 incerto
1056 2717 1092 2766 a?
1111 2716 1157 2782 ei)

138 2777 295 2916 amai
313 2795 336 2846 .,
356 2776 464 2916 aaa
478 2767 626 2918 trata
640 2776 904 2919 caraem·
930 2857 965 2906 10

140 2918 255 2973 -malli
268 2935 299 2988 p.
372 2891 564 2990 lacrimo'ppc.
639 2892 716 2990 {sest
730 2937 756 2975 c:
775 2921 829 2976 boc
843 2923 886 2976 est
903 2938 929 2992 9,
948 2938 998 2978 om.
1013 2940 1037 2992 9
1055 2925 1116 2994 (ubi
1134 2899 1157 2984 t:

139 2987 263 3046 hammo.
301 2989 319 3044 i.
343 2990 418 3045 lacte
441 2989 620 3060 frequenter).
711 2990 798 3046 illinis
824 3008 884 3062 pap.
975 3012 1002 3063 p.
1020 2994 1158 3052 radicitus

140 3060 244 3114 cadunt
258 3076 304 3129 pc.
396 3065 427 3114 12
447 3061 605 3117 mirmecias
622 3078 682 3132 999.
772 3062 912 3119 infanium
930 3079 980 3133 pp:
1007 3066 1113 3120 —tium
1134 3085 1157 3125 c.

139 3136 175 3184 14
184 3132 225 3188 tit.
234 3131 274 3186 De
285 3131 473 3186 caracteribus
477 3149 508 3201 9.
579 3139 611 3188 17
622 3131 821 3189 deseoriatorio
829 3150 871 3203 pc,
881 3134 1118 3204 de(d')ooriatorio
1124 3155 1157 3209 p.

140 3207 174 3257 18
193 3201 324 3256 ecdorion
342 3220 368 3273 9,
386 3201 519 3258 exdorion
538 3221 566 3270 c,
585 3204 698 3260 eodoris'a
716 3209 780 3260 onte
797 3220 866 3259 corr.
886 3205 945 3274 (qui
962 3206 1015 3261 hec
1033 3207 1113 3263 dona
1132 3216 1159 3265 et

138 3272 177 3327 td.
196 3274 228 3328 ia
244 3289 331 3343 moro.
351 3272 513 3343 occidoriai)
527 3292 558 3343 9.
648 3275 700 3330 Est
717 3275 805 3331 enim:
824 3273 934 3330 Etenim
949 3293 975 3346 9.
1067 3281 1096 3335 et
1114 3298 1158 3336 ae-

139 3343 232 3412 ptioae
245 3361 263 3414 9
278 3345 319 3413 (et
332 3344 444 3414 stiptice
459 3348 496 3413 c):
516 3362 566 3400 ora.
580 3363 607 3414 9.
682 3352 714 3400 19
730 3345 891 3401 incensorio
905 3349 934 3402 et
952 3348 1158 3418 putrificatorio

139 3415 199 3483 (tic)
217 3431 235 3484 9
254 3417 317 3485 (-ο
330 3417 386 3486 pc).
420 3465 423 3477 ,
460 3415 537 3472 cuius
556 3447 589 3456 —
609 3419 652 3472 est
670 3417 880 3486 (medicamenti
898 3433 948 3475 om.
967 3421 992 3490 c)
1009 3436 1055 3489 pc:
1079 3424 1158 3491 qnod

139 3485 285 3541 conficitur
302 3485 343 3542 sic
355 3503 386 3556 9.
