2452 4014
441 249 660 314 ..99-

52 395 142 456 oleam
164 393 312 456 infundes.
348 393 406 456 hoe
429 401 489 456 tam
512 393 565 456 din
587 395 679 456 laeies
701 409 790 473 quam
812 393 864 458 diu
886 355 1077 460 stomacnus

50 483 200 563 diligenter
230 485 296 563 ipsa
324 483 476 546 inlusione
503 483 645 546 foveatur.
693 489 726 544 et
756 490 914 564 postquam
944 484 1057 548 foveris

50 572 200 652 diligenter
226 570 366 652 deterges
387 579 419 634 et
445 589 578 651 purpura
605 567 686 634 sicca
714 573 833 652 operies
856 579 887 632 et
911 571 1056 634 lasciobis.

49 661 100 721 hoc
118 668 217 723 autem
239 679 294 740 per
317 660 381 722 dies
399 677 526 722 mimero
544 668 608 724 tres
631 661 731 722 iacies.
767 678 823 740 per
841 659 974 739 singulos
994 659 1057 722 dies

49 752 141 828 ipsum
163 748 262 810 clmrm
285 747 483 811 recalrlacies.
1071 759 1085 800 ὅ

129 835 202 898 illud
229 845 386 918 praeterea
412 835 645 916 admonendum,
673 839 699 898 si
726 837 803 900 lorte
832 837 940 902 mulier
966 836 1059 900 luerit

50 944 117 1004 quae
143 935 283 1006 euram,
310 935 344 987 ut
371 933 521 988 storacem
545 923 721 1005 prohibeas,
746 944 784 988 ne
812 925 942 990 iocando
964 925 1057 988 odore

49 1017 148 1076 matrix
174 1016 298 1076 inritata
325 1013 363 1076 ad
390 1013 577 1078 stomachum
601 1011 727 1077 lavetur.
770 1014 846 1076 solet
873 1016 953 1080 enim
983 1014 1057 1076 haec

48 1106 139 1182 passio
162 1103 337 1182 frequenter
358 1103 440 1185 fieri,
467 1101 618 1166 remeare
646 1121 701 1182 per
724 1105 858 1168 nausiam
883 1121 985 1184 verso,
1012 1121 1057 1164 se·

48 1191 138 1252 cundo
170 1191 218 1256 rel
245 1192 335 1254 tertio
363 1209 466 1252 mense
498 1190 731 1271 praegnantibus
761 1191 887 1256 rndihns
918 1190 956 1254 ad
986 1203 1098 1256 aon-10

48 1288 160 1360 ceptam
180 1287 233 1342 ant
251 1287 334 1342 certe
356 1286 425 1359 post
442 1279 564 1359 longum
582 1281 726 1359 temporis
749 1287 868 1360 partum
888 1282 1058 1360 concipien-

49 1367 131 1430 tibus.
184 1377 218 1430 et
253 1367 391 1432 similiter
421 1377 456 1432 nt
487 1370 714 1430 reumatismnm
751 1368 895 1432 stomachi
930 1369 1058 1432 inferius

49 1459 187 1538 seriptum
211 1455 341 1518 curabis.

129 1547 154 1606 si
188 1561 261 1605 vero
292 1545 403 1607 duritia
439 1544 531 1606 luerit
566 1545 712 1608 stomachi
748 1553 779 1606 et
811 1545 1058 1626 praecordiorum

48 1636 150 1716 tensio,
181 1636 217 1694 in
247 1635 353 1713 primis
384 1635 444 1694 orit
474 1633 744 1713 cataplasmandum
775 1651 812 1696 ex
848 1633 927 1695 laeni
958 1635 1058 1713 graeci
1072 1646 1098 1688 1⁵

47 1721 149 1800 polline
178 1728 211 1782 et
237 1739 314 1802 pane
342 1722 423 1784 sicco
450 1733 481 1782 ct
512 1721 565 1783 lini
592 1725 705 1785 semine
734 1730 765 1784 et
790 1721 902 1786 malvae
935 1724 1057 1784 semine.

48 1820 214 1889 coquuntur
237 1812 268 1871 in
291 1828 353 1872 uno
376 1827 446 1876 oum
469 1827 545 1889 aqna
567 1817 599 1871 et
621 1809 686 1872 oleo
710 1809 826 1872 modico
849 1818 880 1872 et
901 1810 1004 1891 melle,
1027 1818 1058 1871 et

47 1901 209 1978 apponitur.
256 1900 329 1960 item
360 1915 432 1961 sero
467 1897 558 1960 addes
590 1897 692 1978 adipes
723 1901 864 1979 porcino·
897 1899 1058 1960 sufficienti

48 1987 141 2069 modo,
168 1994 292 2066 etpost
321 1986 386 2048 dies
409 1986 627 2066 cataplasmatis
649 1986 784 2066 expletos
805 1986 949 2066 malagma
970 1986 1057 2066 Amy·

48 2075 156 2138 thaonis
179 2093 198 2135 a
221 2075 343 2137 Graecis
365 2074 545 2155 appellatum
568 2092 713 2156 appones,
740 2075 770 2136 id
797 2083 843 2137 est
865 2074 1056 2156 Amythaonis
1070 2090 1098 2130 so

47 2166 132 2241 patris
154 2163 303 2244 Melampi.
343 2163 413 2225 lacit
436 2162 472 2224 ad
494 2163 739 2243 praecordiorum
761 2164 975 2245 distensiones,
997 2163 1056 2225 dis·

48 2250 127 2314 solvit
148 2269 271 2314 omnem
293 2251 448 2334 duritiam,
473 2251 542 2315 iacit
565 2259 596 2312 et
618 2251 654 2312 ad
678 2251 828 2314 difficilem
849 2260 964 2314 motum
987 2255 1057 2314 arti-

48 2339 188 2404 culorum.
225 2348 271 2401 est
289 2342 378 2402 etiam
397 2348 427 2402 et
445 2339 617 2423 spleneticis
635 2340 843 2403 dialoretienm
860 2341 1058 2404 medicamen-

111 2579 271 2636 tinfundis
289 2581 387 2650 pe(-
358 2580 441 2635 -dos
459 2581 501 2650 φ)
592 2577 662 2635 focis
684 2596 745 2652 pop.
836 2595 921 2651 quam
940 2579 989 2635 diu
1006 2597 1056 2664 pp:

47 2649 169 2709 doneoe.
261 2653 327 2706 iet
340 2653 552 2734 postqusm-
572 2651 665 2733 open's
689 2668 738 2722 pp:
761 2649 830 2706 Post
847 2668 913 2707 vero
933 2651 1057 2722 detergis

47 2737 164 2805 purpura
187 2720 213 2778 si
235 2721 363 2792 cooperis
386 2723 471 2792 (reliq
496 2724 526 2778 el
546 2719 737 2777 fasciabis-
760 2721 923 2782 recalefaeis
946 2724 1008 2793 om)
1034 2740 1055 2778 c

47 2792 130 2861 operis
143 2796 228 2866 pp(e).
292 2799 438 2849 4numero
452 2808 544 2862 omp.
607 2791 677 2849 iacis
690 2810 735 2864 pp
804 2793 997 2850 brecslefacis
1010 2810 1055 2865 pp.

48 2865 216 2919 lstoraeem
232 2879 278 2934 pp,
297 2864 458 2919 siiracene.
530 2862 651 2921 iocunde
670 2865 730 2934 (sie)
743 2881 802 2948 pap.
876 2870 988 2921 averso
1005 2883 1056 2937 pp:

47 2947 178 2990 eversos.
271 2939 304 2989 10
322 2951 356 3004 pr
447 2932 550 3004 NJbusp
626 2941 658 2990 11
676 2935 813 3006 temporis
829 2951 879 3008 pp.
898 2937 1056 3019 tempusa.

48 3009 76 3056 16
92 3005 216 3086 foenip,
235 3003 350 3074 ienae,
371 3021 415 3088 ep
427 3022 459 3075 φ.
551 3010 584 3060 16
602 3022 677 3132 plane
695 3008 814 3064 siceoe·
839 3005 907 3076 pani
925 3007 993 3062 sicci
1010 3023 1056 3076 pp

47 3075 144 3132 semine
167 3075 286 3144 (dive.
309 3073 424 3132 seminis
445 3093 491 3147 pp.
581 3093 608 3132 ιιι
611 3077 674 3132 aive
697 3094 742 3147 ιφ·
766 3075 926 3147 mauleap
1022 3082 1055 3132 11

47 3142 252 3218 Goqnnntnrp.
271 3144 446 3229 cpquiture,
470 3145 699 3229 Coque(q)inrp.
787 3165 891 3219 unop:
899 3095 976 3203 ⁹rino
995 3149 1055 3218 (uio

48 3218 68 3282 ι)
86 3233 125 3286 cp
200 3223 233 3272 18
247 3213 331 3288 adipe
346 3220 373 3342 (p
383 3219 417 3287 φ)
431 3217 549 3286 porcinis
564 3221 595 3289 (ιι
603 3220 637 3288 φ)
651 3235 692 3289 ιφ.
764 3218 919 3276 suffieiente
933 3217 1055 3285 modic,

48 3285 196 3346 suffiennce
220 3289 281 3357 (om.
303 3304 350 3342 mo
370 3287 479 3360 nmlp.
587 3295 620 3344 11
643 3289 839 3362 Malegmap.
862 3289 1007 3360 malaspina
1033 3306 1056 3354 e,

47 3357 181 3416 malenina
193 3376 224 3430 p
297 3358 487 3442 amilaoosp,
510 3360 712 3430 amielonosc,
735 3362 946 3442 amelaonesp.
1020 3366 1065 3419 20.

49 3429 192 3484 amrtsonm
205 3446 231 3500 p
250 3429 399 3485 amelonis
413 3445 436 3496 c
453 3430 645 3501 amigtaoisp
719 3437 751 3486 11
769 3431 905 3502 melsmpi
918 3433 979 3500 (sic)
993 3446 1055 3502 pap.

48 3496 178 3556 dissolvet
193 3515 212 3572 p
230 3499 319 3571 (-rit
337 3517 360 3570 e,
378 3499 502 3558 disolnffi
519 3502 560 3558 eie
572 3502 615 3572 φ).
