2452 4014
447 255 667 322 ..35-

59 399 132 464 molti
159 417 254 480 pruna
283 400 414 462 resolves
437 409 468 466 et
494 401 626 466 movebis
653 401 748 464 donee
772 401 953 482 coaguletur.
990 410 1062 466 tuno

59 507 140 552 manaa
173 488 313 556 euleimta
344 507 529 572 perungues,
561 498 592 552 et
622 498 691 569 post
721 493 949 570 permotionem
981 492 1063 556 molli

58 577 116 640 lana
146 577 256 641 mamis
287 578 352 640 looa
384 587 415 640 et
447 577 592 644 iasoiabis.
639 579 691 640 sed
715 587 839 660 eportet
868 581 965 660 primo
997 579 1062 644 looa

59 665 178 730 uuonan
201 665 289 732 simul
312 684 381 728 oum
405 669 490 748 spina
512 667 630 731 saeoulo
652 667 747 730 ualido
768 684 910 748 vaporare
933 686 970 730 ex
993 686 1060 732 oan-

58 754 134 832 tabro
164 755 211 817 rai
245 757 339 820 tritioi
374 757 469 818 ianua
499 756 635 820 oonieoto
664 765 698 819 et
730 755 871 820 sudorem
902 759 1063 824 excitatam
1091 772 1104 813 ⁵

59 846 133 905 tenui
160 853 191 906 et
217 843 359 908 onleiaeto
388 844 509 909 linteolo
533 845 709 926 adsurgere,
734 854 765 908 et
792 847 836 909 sio
863 863 956 926 supra
983 845 1063 910 dieto

58 933 264 996 medicamento
295 951 495 1014 perunguere.
540 933 670 1000 dandum
701 936 792 996 etiam
823 936 854 998 in
884 936 1005 1014 potione
1033 945 1065 996 et

59 1030 219 1085 castoreum
253 1029 338 1084 rutae
369 1021 447 1084 foliis
479 1022 643 1085 admixtum
674 1031 725 1084 aut
757 1025 936 1104 opopanacis
967 1022 1064 1086 obolis

59 1109 167 1173 duobus
199 1109 230 1172 id
262 1119 309 1172 est
338 1109 469 1190 scripulo
499 1129 573 1194 uno,
604 1111 651 1172 vel
683 1114 792 1189 ceteris
824 1111 996 1192 potionibus
1027 1130 1064 1173 ex

59 1206 184 1261 oastoreo
206 1199 349 1262 confectis
368 1199 484 1264 diurnis
502 1199 608 1262 diebus
626 1201 671 1262 uti
690 1207 816 1280 oportet.
858 1200 1105 1264 destinationisoo

58 1295 183 1367 tempore
216 1289 304 1350 etiam
327 1296 358 1349 et
381 1291 560 1352 oerotarium
584 1307 620 1350 ex
647 1288 799 1368 quariion
822 1289 992 1352 eonieotum
1012 1307 1063 1369 ap·

58 1393 151 1454 pones,
188 1385 221 1438 et
243 1377 401 1440 ooutioitur
423 1378 475 1438 sio.
518 1395 618 1458 aerae,
645 1377 739 1456 adipis
767 1379 883 1457 poreiui
906 1379 970 1440 sine
994 1377 1064 1452 sale,

57 1464 200 1544 diuquiian
229 1464 449 1546 medicamenti,
481 1467 614 1528 omnium
641 1467 733 1530 trium
760 1467 843 1546 paria
871 1465 1003 1546 pondera
1032 1468 1063 1528 in

57 1570 109 1612 uno
137 1553 293 1616 oonsolves
319 1553 401 1616 lento
424 1571 547 1637 vapore,
577 1563 608 1616 et
630 1553 666 1615 ab
689 1556 757 1634 igne
777 1553 784 1631 Ι
803 1553 889 1616 tolles
912 1563 943 1617 et
965 1572 1097 1620 move-r·
1113 1570 1153 1609 1⁹2

58 1638 97 1702 his
119 1642 215 1704 donee
239 1642 419 1722 coaguletur.
456 1643 564 1706 dehine
586 1644 674 1706 rades
698 1651 728 1704 et
750 1645 853 1706 uteris.
872 1638 882 1726 Η
1078 1659 1103 1698 1⁵

300 1801 470 1864 xxxvnn.
507 1801 555 1862 Ad
580 1804 809 1882 emoptyioos.
1075 1817 1109 1868 (ρ.
1121 1816 1169 1866 172)

134 1926 327 2006 Emoptyieos
341 1925 439 1987 Latini
453 1927 627 2005 sangninem
642 1934 784 2006 spuentes
799 1925 955 2007 appellant.
988 1945 1064 2006 quos

58 2023 148 2077 autem
179 2018 213 2075 in
242 2017 379 2094 passione
408 2016 601 2095 constitutos,
634 2016 660 2074 si
692 2015 770 2074 iorte
803 2032 839 2075 ex
871 2017 1064 2096 respiratorio

55 2103 271 2166 interaneorum
290 2103 439 2184 membre,
462 2101 541 2182 quood
561 2101 665 2163 Graeci
689 2105 925 2182 auapneustioon
948 2108 1064 2166 morien

55 2201 171 2275 rotant„
202 2192 354 2272 sanguinis
385 2192 477 2253 inerit
505 2191 596 2273 iiuor,
633 2193 770 2270 sequeitur
802 2193 945 2256 tussicula
976 2193 1062 2256 rehe-
1077 2209 1104 2249 ro

118 2369 133 2417 1
151 2377 276 2434 prunay
294 2363 342 2430 (ad
354 2379 458 2432 prunas
475 2361 573 2429 Petr.):
593 2362 686 2432 prima
703 2378 744 2432 op.
822 2364 986 2435 coaguletur
1003 2381 1063 2434 pop.

55 2435 188 2492 3tutebis
206 2449 251 2504 pe:
271 2432 385 2488 iubebis
398 2449 450 2503 p„
520 2438 536 2487 5
556 2433 656 2488 sudore
680 2434 801 2490 exaitato
821 2451 843 2490 e.
934 2442 950 2490 6
970 2435 1064 2490 ouiido

55 2505 143 2576 (usurp.
157 2523 168 2559 1
184 2501 203 2560 t
217 2502 335 2572 morea)
341 2520 372 2573 12·
446 2505 590 2573 detergere
598 2521 616 2575 p
640 2527 647 2558 ε
662 2503 799 2560 exntioere
809 2507 839 2571 (i.
849 2522 870 2561 e.
882 2506 1031 2576 exsiecato)
1040 2523 1063 2561 o.

55 2574 453 2702 tererentur·
499 2522 803 2715 aratura*
813 2573 871 2644 11⁶·
882 2575 1063 2718 aaran

55 2733 133 2772 mum
151 2663 210 2788 pff
229 2733 271 2786 ep.
325 2689 332 2717 ’
380 2663 479 2774 egeant
499 2665 660 2788 potionibus
675 2666 705 2776 .p.
721 2663 878 2776 soonfeotm
896 2735 932 2788 p:
956 2720 1064 2773 ceteras

55 2787 197 2854 potiones.
214 2827 221 2841 .
237 2827 243 2840 .
259 2787 400 2844 confectus
417 2805 458 2858 pe.
532 2793 565 2843 10
579 2787 685 2844 diurnis
699 2806 742 2860 po:
762 2787 900 2846 diuturnis
914 2805 936 2862 p
955 2787 1063 2859 (Pete).

57 2863 83 2910 11
102 2861 131 2915 ei
147 2875 198 2914 om.
219 2875 260 2928 ep.
368 2858 513 2930 diequilou
530 2876 561 2930 p:
590 2859 732 2916 diaohilon
751 2877 778 2928 e,
802 2858 972 2930 ‹iiaolilonp
991 2861 1064 2929 (item

56 2928 145 3000 infra).
228 2935 260 2984 12
280 2945 361 2984 caere
378 2946 409 3000 p,
428 2932 489 2986 oete
508 2947 535 3000 e,
561 2926 591 2988 δὲ
605 2947 636 3000 p.
710 2931 832 3002 adipidis
851 2932 911 3001 (aie)
930 2946 955 3002 p.
1030 2937 1063 2986 13

56 2999 173 3056 omnium
195 2999 281 3056 trium
300 3015 350 3056 om.
365 3017 396 3070 p.
506 3007 539 3056 14
557 3019 612 3058 uno
632 3002 693 3072 (sio)
719 3019 778 3073 pop.
887 3019 982 3057 moves
1002 3018 1062 3071 pop.

57 3075 85 3122 15
99 3072 261 3142 coaguletur
273 3087 347 3142 pop„
405 3071 501 3128 rades:
521 3071 615 3131 trudes
634 3089 656 3130 o.
731 3079 763 3128 15
780 3088 831 3144 req.
851 3071 897 3128 Aa
915 3073 1063 3128 asmatioos

55 3157 82 3210 in
99 3175 124 3228 p.
198 3165 232 3215 16
251 3158 307 3217 θεῖ
326 3159 366 3214 ΙΗ
385 3159 421 3214 ud
440 3161 613 3230 emoptoioos
630 3178 661 3231 p,
678 3161 724 3216 Aa
743 3161 915 3231 emoptoioos
934 3151 973 3216 ni
992 3160 1021 3230 (i.
1041 3179 1062 3216 e.

55 3231 125 3299 uota)
144 3236 179 3286 39
198 3247 226 3301 o,
254 3231 280 3284 A
323 3246 370 3288 eos
397 3231 446 3300 qui
472 3235 577 3302 spuunt
599 3231 806 3302 sauguinemp
833 3232 881 3301 (ad
904 3234 1065 3301 emotoyous'

55 3299 106 3354 roa.
121 3304 163 3370 p).
237 3307 269 3356 17
289 3301 469 3371 Emoptoioos
481 3319 523 3374 po,
541 3301 701 3359 Emotoiooa
710 3319 741 3373 p.
815 3319 885 3372 quos
903 3304 997 3358 autem
1015 3319 1061 3372 po:

55 3367 103 3425 hae
115 3388 181 3428 vero
187 3389 210 3442 p
220 3374 280 3444 <qui
293 3389 356 3430 mom
368 3373 528 3428 oomtitutia
539 3390 593 3444 pro
604 3377 682 3428 -toa
695 3376 749 3444 pe),
822 3379 855 3428 19
870 3373 1063 3428 intraneorum

55 3443 240 3570 &embra-offic,
253 3444 418 3570 igturiorum
431 3445 620 3500 membrorum
630 3462 661 3515 p.
725 3444 800 3514 quod
815 3445 867 3515 (op)
881 3461 908 3502 e:
922 3461 977 3517 qap
991 3447 1062 3514 ρῳ).

104 3529 182 3583 sequu
213 3533 240 3569 τι
280 3531 343 3586 op.
