2452 4014
539 225 758 288 ..82-

232 372 393 434 eurationis
425 377 524 431 autem
557 377 691 449 tempore
723 377 842 450 oportet
873 371 904 430 in
936 371 1097 453 principio,
1127 374 1150 434 si

141 479 200 523 rana
228 478 298 542 pars
325 460 456 521 lanicium
483 460 641 540 tumuerit,
669 476 705 520 ex
732 460 796 538 ipsa
817 466 919 540 parte,
947 459 1026 539 qnod
1049 459 1151 523 Graeci
1210 460 1211 465 ’

142 551 251 611 catixin
286 557 404 623 vocant,
445 549 476 608 in
512 546 634 608 brachio
665 545 858 608 llebotomare
893 555 924 609 et
957 549 1150 612 sufficientem

142 639 316 718 sanguinem
335 635 500 698 detrahere.
540 637 586 696 sin
604 653 676 696 vero
694 638 725 697 in
743 643 895 716 utrasque*
905 645 1006 717 partes
1024 637 1150 700 faucium

114 726 264 790 subernon
287 745 319 787 se
346 734 446 787 tumor
476 723 620 786 infuderit
643 743 711 786 cum
735 723 845 785 rubore
869 727 930 805 igni
955 744 1040 788 sacro
1065 729 1150 789 simu·

141 815 233 898 laute,
271 814 351 894 quod
383 812 489 874 Graeci
521 811 752 892 erysipelatodes
789 822 907 895 uocant,
943 817 975 876 in
1011 814 1151 878 ambobus

142 902 272 966 brachiis
299 920 388 964 venas
415 901 542 982 incides,
570 902 598 961 si
623 903 712 968 nimis
734 901 838 982 plenae
862 905 1070 986 apparuerint,
1097 923 1150 984 quo

44 1019 70 1057 p.
85 1006 125 1046 190
142 993 237 1073 possit
259 993 403 1072 proximis
422 989 428 1066 l
448 989 523 1053 locis
541 991 693 1068 sanguinis
711 989 896 1054 detractione
919 992 996 1054 lacta
1014 993 1151 1056 relaxatio

142 1079 327 1143 tumentibus
351 1081 513 1142 ministrari
535 1077 678 1158 partibus.
716 1081 762 1140 sin
781 1097 852 1142 vero
876 1080 979 1142 senilis
1001 1089 1084 1144 aetas
1106 1090 1152 1144 aut

102 1186 128 1225 ιο
142 1167 284 1232 iniantilis
316 1176 409 1244 aetas,
442 1167 522 1248 quod
555 1167 693 1246 equidem
725 1169 823 1230 rarius
859 1170 890 1230 in
927 1171 992 1248 ipsa
1027 1171 1152 1244 infantili

142 1265 238 1320 aetate
257 1259 414 1338 contingit,
437 1255 589 1318 llebotomi
608 1273 696 1318 usum
714 1255 916 1339 prohibuerit,
938 1266 1060 1338 atergo
1079 1261 1152 1322 inter

142 1345 277 1428 scapulas
300 1349 379 1408 circa
403 1343 538 1426 spondyli
560 1344 659 1407 locum
678 1344 864 1408 cucurbitam
889 1341 1109 1426 conglutinahis
1126 1356 1153 1409 et

142 1435 239 1498 addita
267 1435 454 1497 scarilatione
483 1442 701 1514 competentem
730 1437 904 1514 sanguinem
932 1435 1082 1500 detrahes.
1127 1448 1152 1499 et

142 1527 168 1584 si
191 1532 325 1585 ventrem
348 1542 409 1590 non
440 1524 559 1604 lecerit,
586 1524 694 1584 acriori
723 1523 849 1603 clystere
873 1523 1069 1587 deducendus
1093 1528 1152 1588 erit.

102 1629 128 1667 15
142 1611 224 1673 debis
244 1614 332 1674 etlam
351 1619 382 1672 et
400 1611 526 1674 mulsam
548 1611 787 1691 gargarizandam
806 1630 842 1674 ex
866 1613 1041 1678 decoctione
1066 1614 1152 1695 puleii

142 1701 306 1762 conlectam
338 1700 385 1762 vel
414 1699 486 1761 illud
515 1699 594 1781 quod
624 1699 671 1761 dia
698 1703 817 1781 pityrou
841 1710 952 1764 ¹vocant
983 1702 1013 1763 id
1047 1712 1096 1765 est
1121 1722 1151 1764 ex

141 1789 295 1871 cantabro,
316 1791 403 1858 cuim
422 1790 639 1852 conlectionem
659 1792 798 1870 superius
816 1790 852 1851 ad
873 1799 1005 1854 tumores
1024 1792 1151 1856 saucium
1210 1818 1211 1827 ¹

141 1880 325 1959 scripsimus.
714 1905 716 1910 ’

230 1966 419 2048 diacbrisma,
453 1968 510 2029 boe
543 1977 589 2030 est
622 1967 855 2050 inlinirnentum,
891 1969 971 2049 quod
1008 1970 1152 2051 appellant

102 2071 127 2111 no
142 2055 189 2118 dia
218 2063 270 2117 ton
298 2055 489 2131 chelidonon,
522 2057 551 2117 id
579 2064 626 2118 est
653 2075 688 2118 ex
717 2057 943 2140 hirundinibus,
975 2057 1090 2122 iaciens
1120 2058 1151 2120 ad

142 2143 311 2223 synanchen
340 2151 370 2204 et
397 2144 433 2207 ad
461 2147 617 2206 universos
646 2154 778 2206 tumores
806 2145 950 2228 faucium,
979 2156 1010 2209 et
1037 2147 1151 2210 sordida

141 2232 242 2294 ulcera
270 2234 300 2296 in
329 2250 381 2294 ore
409 2232 485 2296 bene
513 2233 665 2314 depurgat.
707 2237 814 2314 recipit
839 2245 939 2298 autem
961 2235 1152 2300 hirundinum

213 2497 229 2547 2
249 2491 325 2561 quod
337 2509 374 2564 p:
392 2509 477 2564 quam
495 2509 536 2562 9ο.
610 2497 687 2550 deal
704 2493 763 2549 ixin
782 2489 861 2564 (καθ’
884 2493 940 2562 ἴξιν
953 2496 999 2551 uel
1012 2492 1078 2551 κατ’
1101 2493 1151 2562 ἴξιν

142 2562 204 2620 Gal.
228 2562 279 2632 XI,
304 2565 364 2634 eil:
388 2563 483 2620 alexin
505 2580 554 2634 99,
575 2566 707 2620 ontearm
732 2582 747 2621 o
771 2565 872 2635 (cubiti
890 2583 991 2623 venam
1009 2567 1111 2624 Aetius
1126 2573 1150 2633 8,

141 2638 195 2704 47).
269 2635 355 2690 isin
373 2651 403 2706 y:
423 2635 446 2690 si
466 2653 505 2704 cp.
597 2635 755 2692 4faucinm
772 2638 868 2707 partes
886 2639 1017 2708 (utraque
1035 2638 1057 2694 f.
1076 2640 1151 2710 parte

137 2710 169 2774 p)
195 2721 236 2776 cp.
310 2711 326 2760 5
348 2705 409 2776 igni
431 2721 497 2762 acro
519 2723 549 2776 9,
573 2706 647 2778 ignis
671 2714 745 2776 aqui,
768 2725 795 2778 c,
821 2707 887 2780 igne
911 2710 972 2779 (sio)
995 2726 1106 2766 sacrm
1123 2726 1150 2779 p.

141 2783 157 2830 6
176 2775 409 2846 herisipelatodes
431 2793 462 2846 9,
486 2777 631 2860 erisipi(pa
645 2779 779 2847 cilatodea
803 2795 844 2849 op.
890 2819 895 2828 .
952 2785 969 2834 8
993 2781 1103 2850 possint
1122 2796 1152 2850 pc

141 2846 226 2915 (-sit
239 2850 280 2916 9).
354 2849 404 2902 et.
420 2847 547 2917 pertibus
560 2848 715 2905 mmislrari
733 2865 774 2919 cp.
848 2849 897 2905 Sin
910 2867 956 2921 pc:
977 2851 1048 2921 Sip.
1121 2859 1133 2905 1

142 2920 203 2974 etas
222 2919 361 2987 (alterans,
380 2924 412 2973 ut
429 2934 493 2974 mec
510 2921 601 2994 etate),
620 2935 670 2974 oea.
685 2937 708 2989 p
727 2923 794 2989 (oco
810 2924 862 2990 9ο).
974 2923 1107 2992 equidem
1123 2937 1149 2992 p:

141 2988 254 3058 quidem
274 3005 315 3058 cp.
424 2995 457 3044 12
480 2991 673 3062 spondilocnm
697 2997 762 3046 autc
781 3008 853 3048 corr.
871 3009 890 3062 9
912 2991 1047 3062 (spondili
1064 2994 1084 3048 1,
1101 2999 1150 3063 fc,

141 3059 345 3132 spondilicrum
363 3059 427 3117 loca
440 3064 482 3131 p).
570 3067 602 3117 13
623 3061 825 3118 scarificatione
844 3079 884 3132 cp.
977 3069 1010 3119 15
1029 3063 1150 3135 gargani*

141 3130 247 3202 (gerari
260 3130 408 3201 gisandum
423 3132 484 3202 (ric)
497 3133 589 3201 gaad
603 3132 838 3216 gargarizandum
848 3151 879 3203 p.
952 3140 986 3189 16
1001 3135 1149 3205 diapiiiron

140 3201 566 3343 bcriiiffl'ffnffifflp'
586 3203 1110 3346 upggeiergpaifflhffimfflupnae
1126 3219 1149 3328 {¹

141 3349 176 3398 20
198 3316 338 3414 diaton(t'o
356 3346 390 3415 p)
414 3347 541 3413 casice-
561 3344 721 3415 ep)lidonon
742 3363 801 3416 qap.
844 3348 878 3415 of.
902 3347 966 3402 Gal.
1023 3348 1076 3418 H,
1098 3350 1148 3402 359

141 3420 166 3469 et
183 3416 339 3485 Asclepiad.
359 3432 403 3486 ap.
424 3415 490 3472 (iol.
507 3415 592 3486 XII,
610 3421 675 3474 942.
773 3423 805 3472 21
826 3418 880 3487 apii
890 3420 1026 3488 p)nances
1045 3435 1081 3488 99
1099 3419 1147 3487 (aa-

139 3502 253 3542 manoea
273 3490 306 3555 o).
391 3486 514 3542 faucium
533 3489 657 3543 tumores
676 3503 717 3556 ep.
809 3494 842 3543 22
861 3490 888 3556 li
907 3491 968 3558 (om.
987 3491 1092 3558 eutem)
1109 3502 1147 3556 ep.
