2452 4014
505 230 745 293 -142-

119 377 238 455 aliquod
262 376 458 436 fortissimum
480 375 551 435 dare
571 375 616 436 vel
640 393 788 454 apponere
808 392 905 452 neque
930 377 1140 436 vacuationem

119 465 246 544 aliquam
269 466 380 546 lacere,
404 481 492 543 quam
515 465 638 525 oenosin
661 471 780 543 vocant,
809 465 869 522 sive
893 481 948 542 per
976 463 1140 544 clysterem

119 571 218 614 aerem
245 553 409 614 adhibitum
437 555 498 613 sire
532 570 587 632 per
617 553 823 632 purgatorium
851 551 953 612 datum
985 554 1047 612 sive
1081 571 1141 632 per

118 642 326 703 llebotomiam.
367 640 420 701 sed
447 647 604 721 postquam
635 640 789 719 aegritudo
816 642 922 719 pepsin
955 641 1076 722 lecerit,
1106 640 1138 701 id

92 739 165 792 test
201 731 410 810 digestionem,
443 738 512 808 post
546 728 627 788 Vllll
663 736 714 790 aut
750 727 791 788 XI
822 731 1023 809 accessiones,
1060 747 1139 809 quas

119 819 224 880 Graeci
254 820 443 898 episomasias
472 826 590 898 vocant,
623 817 768 879 adiutoria
801 825 919 897 oportet
951 818 1137 897 impendere.

120 926 187 968 nam
211 917 240 968 et
264 906 419 967 Galenus
442 907 477 966 ad
498 905 679 967 Glauconem
703 905 838 966 scribens
861 907 915 967 ait:
939 908 1045 984 quiin
1068 909 1139 986 ipso

118 998 203 1056 initio
227 995 345 1075 aliquod
369 995 616 1056 medicamentum
645 993 806 1075 dederuut,
833 993 871 1054 de
895 994 1022 1074 simplici
1046 1013 1138 1074 quar·

119 1092 186 1145 tana
214 1084 387 1162 frequenter
411 1083 559 1163 duplicem
582 1083 732 1162 lecerunt,
756 1081 892 1144 similiter
914 1091 946 1143 et
967 1085 998 1144 in
1021 1082 1139 1163 duplici
1219 1115 1220 1150 2

80 1173 224 1233 ledentes
252 1172 399 1252 triplicem
427 1179 602 1252 quartanam
629 1173 774 1232 lecerunt.
817 1180 847 1232 et
872 1173 983 1232 iterum
1005 1173 1046 1232 ait
1069 1174 1138 1251 ipse
1219 1215 1220 1228 ,

119 1279 209 1340 supra
233 1269 413 1324 memoratus
437 1260 608 1342 Galenus,
636 1278 667 1321 se
692 1261 784 1320 scisse
808 1260 957 1320 medicum
985 1260 1137 1339 quendam

119 1351 241 1430 inipso
269 1351 354 1411 initio
382 1349 576 1430 aegritudinis
604 1366 709 1409 ausum
737 1349 829 1409 luisse
858 1347 928 1408 dare
953 1349 1008 1410 sub
1035 1348 1138 1412 tribus

119 1440 271 1517 quartanis
298 1438 443 1500 laboranti
466 1438 631 1499 antidotum
658 1436 738 1516 quod
761 1436 926 1516 appellatur
953 1436 1137 1499 diechidnon

119 1527 249 1587 theriace
273 1526 329 1587 sub
352 1529 417 1604 ipso
435 1534 570 1606 tempore
594 1527 757 1605 augmenti,
780 1535 811 1586 et
828 1525 1068 1588 increscentibus
1092 1527 1107 1588 l
1126 1559 1137 1570 ·

78 1627 104 1667 1⁵
118 1608 223 1674 bribus
251 1613 424 1675 ardentibus
452 1633 486 1675 ac
513 1612 632 1692 iugibus
661 1614 706 1674 vel
729 1616 879 1676 continuis
908 1614 1061 1676 bominem
1084 1633 1135 1676 oc·

119 1702 197 1763 cidit.
244 1703 323 1763 uude
360 1703 429 1763 olim
462 1703 585 1764 senior
620 1701 865 1782 Hippocrates
897 1711 1064 1764 commotus
1101 1705 1135 1764 in

118 1791 258 1852 alorlsmo
286 1791 465 1871 generaliter
494 1791 604 1852 dixisse
627 1791 810 1871 ostenditur,
838 1799 1001 1852 maturatas
1028 1810 1137 1853 causas

118 1879 227 1942 debere
256 1882 368 1962 curari,
396 1881 503 1943 crudas
531 1897 601 1939 vero
629 1881 759 1940 minime.
800 1889 960 1960 propterea
988 1881 1137 1942 admoneo

77 1997 81 2008 ·
118 1977 152 2029 ut
178 1977 247 2048 post
274 1967 352 2029 Vllll
376 1969 421 2030 vel
443 1969 484 2028 Xl
512 1967 683 2050 periodum,
711 1971 738 2029 si
765 1968 842 2030 lorte
865 1970 956 2030 nimia
979 1971 1137 2049 sanguinis

76 2069 103 2109 20
116 2057 269 2136 plenitudo
298 2059 442 2137 coegerit,
475 2060 506 2118 in
534 2054 655 2116 brachio
683 2059 806 2118 sinistro
834 2075 939 2118 venam
966 2058 1135 2120 medianam

190 2268 203 2315 1
229 2259 439 2316 evacuationem
463 2278 485 2317 c.
593 2262 638 2316 bic
659 2267 695 2331 1⁹⁰
717 2263 749 2316 io
773 2279 874 2332 marga
902 2263 1090 2333 Ypocratesi
1116 2272 1138 2320 a.

116 2335 173 2422 deff.
201 2336 263 2404 uoi
283 2350 357 2418 quod
381 2349 476 2420 plures
502 2352 567 2404 sunt
591 2366 674 2406 cauae
698 2349 854 2420 inquibus
879 2355 974 2408 errant
1000 2351 1136 2409 faciendo

117 2421 266 2478 eliaterem.
298 2424 330 2476 ut
351 2421 398 2476 hic
417 2424 446 2476 et
462 2422 493 2476 in
509 2439 583 2492 pass.
604 2425 651 2476 oa⁰
670 2421 817 2492 (capitulo)
834 2421 870 2476 de
894 2423 1136 2480 malleationibus.
1219 2483 1220 2486 ,

116 2491 256 2548 ttenoain
275 2509 302 2563 c,
322 2493 456 2548 chonosin
468 2510 499 2562 p.
562 2495 665 2548 vocant
683 2510 711 2549 c:
730 2492 829 2548 dicunt
842 2510 872 2562 p.
937 2493 1048 2550 cliatere
1067 2511 1137 2550 acre
1219 2543 1220 2572 ,

117 2567 242 2634 (-crum
256 2565 290 2634 p)
309 2581 350 2634 ep.
432 2563 627 2620 aadhibitum
644 2581 694 2620 out.
709 2580 740 2633 11.
821 2564 919 2619 datum
940 2581 990 2620 om.
1005 2582 1036 2635 p.
1115 2573 1136 2622 4
1219 2581 1220 2618 t

115 2643 234 2718 pesicp⁸
252 2635 342 2704 (pesin
355 2642 391 2704 ρο
413 2637 446 2690 iu
463 2638 569 2718 marg),
675 2635 776 2690 fecerit
794 2651 820 2690 c:
840 2651 890 2690 om.
906 2653 938 2705 p.
1047 2641 1135 2694 bac-
1219 2677 1220 2700 t

116 2722 250 2762 cessionis
269 2723 290 2761 e.
382 2704 852 2776 oepisemas1aso,episemasp.
943 2706 1086 2763 adiutoria
1104 2726 1134 2764 e:
1219 2703 1220 2756 l

115 2793 166 2832 om.
181 2794 212 2845 p.
289 2778 354 2832 ‘let
372 2793 399 2831 c:
423 2792 473 2831 om.
488 2794 519 2847 p.
598 2777 727 2848 galienus
745 2793 778 2847 cp
796 2777 872 2844 (Gal.
892 2777 951 2845 XI,
969 2783 1026 2847 40).
1099 2784 1137 2835 ut

115 2848 207 2930 adngl.
222 2863 245 2902 c.
318 2847 366 2916 qui
380 2839 475 2916 (decep
493 2849 570 2931 quod
584 2849 631 2918 (q)
645 2865 679 2932 p,
696 2848 798 2917 Quotq,
812 2850 972 2918 (quotquot,
985 2866 1040 2919 pro
1053 2852 1135 2919 quod

115 2920 191 2989 quat)
211 2934 234 2974 e.
306 2919 372 2972 tet
389 2934 439 2973 oto.
459 2935 480 2974 c.
553 2937 583 2973 m
601 2919 743 2988 dupheem
756 2936 786 2989 p.
862 2925 895 2974 10
914 2923 1084 2989 quartanam
1103 2939 1134 2977 c:

115 3007 176 3071 can..
184 3006 215 3058 p.
329 2995 362 3042 11
382 3005 466 3058 snpra
488 2993 658 3074 memoratus
677 3007 703 3046 c:
726 3006 777 3049 om.
792 3007 824 3073 p·
837 2991 966 3074 (ct-Gal.
988 2991 1052 3059 XI,
1074 2997 1134 3061 40).

118 3067 149 3115 12
168 3076 230 3130 apso
249 3075 298 3114 om.
314 3077 344 3129 p.
419 3061 664 3117 elaborantibus
682 3078 724 3130 cp.
796 3062 1136 3132 d1ecnoc,d1acrudop

115 3127 721 3274 (atttpputppvavappplimppLepppep.
742 3132 1134 3272 estlsslffslssg'ugmlssffl

115 3208 340 3356 {fyvssocretesss
358 3275 457 3344 (Hipp.
472 3275 525 3358 III,
546 3245 596 3329 'lli
616 3220 728 3344 Lipaff’
788 3272 861 3329 iafo
875 3221 922 3343 pf
930 3221 1094 3332 amfoffimo
1108 3293 1134 3333 c.

115 3345 471 3486 itatttttdttfl
494 3345 871 3498 lliiedtltflutue
891 3348 1071 3499 dlfmll
1126 3390 1132 3402 ·

115 3485 161 3540 vel
180 3485 218 3539 XI
237 3502 259 3553 e,
278 3502 382 3540 nonum
400 3486 446 3541 vel
464 3487 503 3540 XI
517 3503 549 3555 p.
621 3493 656 3542 20
674 3487 834 3542 medtanam
852 3504 879 3542 c:
898 3488 1021 3544 mediam
1035 3505 1065 3558 p.
