2476 4012
458 220 700 286 -211-

90 375 177 513 ee.
192 359 554 511 effeminem

89 503 199 558 obsitos
226 501 272 556 rel
300 501 489 556 hommantes.
518 501 553 568 cf.

89 573 307 641 Pmmm

66 644 276 709 λιθιῶντεςε
305 642 454 698 calculosis
483 659 554 713 quos

85 715 219 771 litiuntas
252 715 298 784 (p,
331 712 472 770 lithinitas
499 729 554 783 pro

85 786 227 841 lithuntas
246 786 270 854 c)
296 787 400 842 vocant
418 789 453 840 45
474 784 553 854 (Sim.

84 873 107 912 e.
127 857 183 912 lith
201 855 275 926 asic).

67 930 156 984 λιπα
221 940 229 985 2
258 925 388 984 aluminis
414 925 500 995 lipari
523 925 554 982 il

85 1002 131 1055 cst
152 997 254 1068 hquidi
275 1002 319 1053 48.
355 999 422 1052 itere
442 1002 478 1052 42
498 998 553 1066 (cit.

85 1069 184 1126 &moa
210 1085 232 1125 a.
260 1068 394 1136 alumen).
438 1072 463 1123 ct
489 1069 553 1123 sim-

80 1142 196 1210 pliciter
227 1140 339 1197 alumen
371 1138 494 1208 liparum
527 1146 552 1196 4.

87 1219 130 1268 10.
160 1217 194 1266 32
221 1212 384 1280 (rotundum
411 1216 442 1265 ut
466 1227 554 1280 supra

84 1283 199 1352 scripeit
216 1289 246 1353 9⁰
264 1287 291 1336 4.
310 1284 364 1350 42).

66 1353 284 1421 λιποθυμίας
334 1369 397 1407 cum
444 1351 553 1422 ingenti

84 1424 174 1480 animi
198 1423 310 1480 defectu
338 1441 423 1493 quam
451 1423 552 1492 lipoto-

86 1497 166 1552 mian
192 1498 235 1566 (p,
257 1494 458 1566 lippotomiam
484 1492 552 1550 sim.

83 1583 104 1623 e.
125 1569 161 1636 c.)
180 1568 284 1622 vocant
301 1571 344 1622 21.

66 1635 244 1708 λωγάδιωςε
267 1633 341 1708 (ἱερά
365 1640 411 1706 ’13)
434 1667 468 1678 -
495 1637 551 1692 vid.

84 1711 266 1778 cd.1›.176,
285 1712 311 1763 ⁷.

66 1775 317 1848 λυσσόδηκτοςε
408 1778 553 1835 lissodecti

84 1850 212 1920 (-denti
230 1853 274 1920 cp)
297 1849 326 1904 id
345 1851 387 1905 act
408 1849 458 1919 qui
475 1850 548 1905 robi-

81 1924 133 1978 dos
151 1938 260 1978 morsus
277 1919 457 1977 incurrerunt
476 1927 518 1976 62.

61 1990 493 2133 “emeteeteeee
508 1992 550 2074 ΙΨ·

81 2134 227 2191 inclinet.
255 2136 408 2204 pessimam
427 2081 549 2204 aegngtrt-

82 2207 180 2262 dinem
206 2208 236 2262 et
257 2205 397 2275 prolixam
419 2205 551 2273 ostendit,

626 377 730 418 menon
743 362 848 416 vocant
861 377 894 432 cp
908 365 947 420 32
965 363 1010 431 (cs.
1021 362 1089 420 Sim.

627 447 648 486 s.
668 434 815 501 masone).

607 496 924 574 μετασωγκριτικόςτ
949 504 1090 562 ωάἰιωοιίω

626 572 886 642 metasincri(e)tica
907 574 937 628 id
955 576 998 630 est
1016 593 1088 644 quae

626 661 762 701 renovare
785 644 901 700 valeant
922 647 1089 716 temperiem

626 715 748 786 corporis
769 714 927 771 naturalem
945 721 962 770 8
981 722 1026 785 (aa
1045 734 1087 772 re·

626 786 804 858 corporativa
831 786 940 855 Diona,
970 787 1088 858 Oritas„

625 861 716 926 Alea,
736 857 872 913 Demostt.
892 857 1086 927 apotastare.

626 947 646 986 e.
666 946 706 996 a,
727 930 791 984 item
814 927 885 984 Occi.
905 929 1000 986 Awrei.
1033 930 1087 987 etr.

628 999 1087 1071 nmmmfflnm.

626 1074 690 1128 suut
726 1070 801 1128 enim
833 1072 934 1140 (cquae
966 1071 1087 1141 calidae)

625 1143 736 1200 virtutis
763 1141 1001 1198 metasiucriticao
1033 1143 1088 1199 hoc

626 1217 669 1269 est
694 1229 765 1284 quae
791 1213 907 1268 valeant
930 1214 1087 1270 naturalem

625 1283 790 1354 temperiem
811 1283 934 1354 corporis
952 1299 1087 1340 renovare

625 1362 668 1412 46.
701 1356 736 1421 of.
752 1361 785 1409 21
801 1355 954 1410 electuario
968 1355 1087 1482 <mem

626 1424 767 1482 cineritico
810 1425 968 1493 (sineretico
1007 1442 1023 1481 c
1079 1468 1085 1481 .

625 1515 686 1554 com
709 1493 776 1552 Sim,
795 1511 816 1552 e.
836 1497 871 1564 o.)
895 1494 925 1549 id
949 1497 1086 1566 estquod

624 1569 719 1625 valeat
736 1567 875 1623 occultam
890 1567 1086 1623 collectionem

624 1655 764 1710 rumpere.

605 1712 721 1782 μετάφ
744 1722 840 1765 reove
860 1709 1011 1778 aliquando
1026 1712 1087 1766 eta

624 1786 706 1853 tergo
720 1727 847 1836 tutorem
864 1779 938 1835 inter
956 1781 1085 1850 scapulas

621 1853 758 1918 sentiunt,
782 1851 859 1920 quod
876 1850 976 1906 Graeci
995 1856 1093 1907 mota·

620 1925 720 1979 frenon
748 1921 847 1977 dicunt
873 1927 916 1976 34.
950 1921 1041 1978 altera
1066 1939 1084 1977 a

620 1998 700 2065 tergo
736 1992 810 2049 inter
847 1992 974 2062 scapulas
1008 1994 1083 2063 quod

620 2065 797 2122 mctafrcnon
829 2063 927 2118 dicunt
960 2069 994 2118 89
1038 2065 1084 2134 (cf.

621 2137 718 2193 Simon
736 2153 757 2191 e.
776 2153 800 2190 o.
817 2177 822 2189 .
839 2179 845 2192 .
863 2177 868 2190 .
883 2135 1017 2205 psalterio
1034 2179 1039 2192 .
1056 2178 1085 2190 ..

620 2208 778 2279 posteriora
796 2207 890 2276 dorsi).

83 2294 170 2347 quam
210 2276 310 2334 Graeci
352 2277 548 2334 macronosian
600 2277 760 2349 μήλινοςε
794 2295 857 2334 cum
885 2278 951 2334 uino
979 2278 1084 2334 melino

81 2350 188 2404 vocant
201 2354 244 2404 ³0.
271 2347 410 2417 prolixam
425 2349 546 2419 aegritu-

81 2421 180 2476 dinem
194 2418 324 2488 ostendit,
343 2435 428 2487 quem
442 2435 547 2474 macro·

80 2491 184 2547 nosicn
202 2489 300 2546 dicunt
318 2497 361 2546 61.

62 2557 288 2630 promerereris:
325 2578 405 2616 casus
419 2559 548 2616 melecti-

81 2651 133 2689 cuc
151 2632 182 2687 id
199 2635 244 2688 est
260 2649 306 2688 mo
331 2631 430 2688 'torius
449 2636 490 2686 78.

62 2699 310 2775 μαλόβωθρονε
329 2703 392 2760 lolii
411 2701 498 2774 (follis
512 2704 547 2772 p)

618 2351 648 2405 id
658 2352 702 2406 est
711 2349 868 2420 granaticio
877 2355 911 2404 47
923 2350 980 2417 (sesi
991 2350 1084 2404 oleum

619 2421 755 2476 melinum
773 2425 808 2474 42
824 2435 874 2474 sec.
889 2420 983 2474 Diose.
1005 2427 1029 2486 1,
1049 2425 1082 2474 55

619 2497 658 2547 eet
680 2490 828 2546 κυδωνίων
847 2485 955 2560 μήλων,
979 2495 1011 2545 at
1033 2509 1084 2559 μη-

618 2558 714 2632 tripete
733 2585 767 2606 ==
786 2555 962 2630 sotaatpatc
985 2565 1014 2628 5,
1039 2565 1082 2614 29.

620 2633 656 2700 ef.
707 2631 889 2700 emplastrum
940 2630 1082 2698 „melinon

618 2702 803 2773 Vespasiani‘
823 2708 857 2758 21
876 2703 943 2772 etc).

80 2774 224 2832 barbarici
251 2775 281 2843 (i.
309 2791 330 2832 e.
358 2774 459 2842 indici,
491 2774 546 2830 oid.
599 2770 844 2847 μητρεγχύτηςε
895 2772 1084 2844 encolpicabis

80 2847 179 2902 Dioec.
204 2852 233 2913 1,
263 2847 307 2913 11)
333 2845 364 2900 id
393 2846 436 2902 est
458 2845 545 2900 malo-

81 2916 159 2972 batri
177 2921 220 2974 45.

619 2845 843 2915 (encolpismum)
872 2860 924 2914 per
951 2861 1084 2900 corneum

618 2916 803 2973 metrenciten
825 2916 1000 2998 appellatum
1020 2920 1073 2974 ⁷8..

62 2987 188 3055 μανίαι
218 2985 342 3044 maniam
360 2985 438 3055 facit,
462 3003 547 3055 quam
599 2986 830 3060 μητρομανὶατ
867 2987 1083 3043 matromaniam

81 3075 135 3114 nos
154 3057 294 3114 insaniem
311 3056 430 3114 dicimus
450 3063 492 3113 61.

62 3125 277 3213 aconensem
300 3127 452 3198 vaporabis
473 3144 545 3182 mar·

618 3058 707 3115 latino
726 3074 853 3114 sermone
867 3058 993 3113 matricis
1007 3058 1080 3112 furo-

617 3145 662 3184 res
677 3128 735 3186 sive
749 3129 889 3185 insaniam
904 3129 1023 3184 dicimus
1039 3134 1081 3182 79.

82 3216 164 3271 supro
187 3200 218 3256 id
240 3202 283 3256 eet
303 3198 415 3254 sacculo
439 3198 545 3254 torrido
599 3197 863 3282 μικροσφυξίαε.
885 3199 982 3280 pulsus
1018 3214 1080 3268 par·

82 3273 143 3328 sale
161 3271 271 3342 repleto
288 3276 331 3327 27.

63 3338 548 3482 Μώμω2ἑ4422ῗθξῖἒὲἒὲ

82 3429 321 3556 ffiteffiuem
335 3483 436 3540 Graeci
455 3499 547 3538 masu-

617 3271 699 3339 vitas,
722 3287 807 3340 quam
825 3269 1012 3326 microsfixsan
1034 3285 1083 3324 vo-

620 3343 686 3398 cant
704 3347 747 3399 42.
768 3347 810 3397 62.
831 3347 872 3395 64.

600 3413 719 3483 μορίαι
734 3411 867 3468 interiore
880 3411 1006 3467 membra
1021 3427 1080 3466 cor·

618 3485 732 3553 rumpat
760 3499 833 3554 quae
862 3481 962 3538 Graeci
995 3482 1086 3536 moria

869 3571 922 3626 14*
