2452 4014
496 223 735 286 -140-

104 369 247 449 paralysis
266 368 350 429 duae.
387 367 529 447 aliquanti
548 367 665 447 perdito
685 384 776 427 sensu
795 374 892 426 tactus
910 384 978 428 cum
997 375 1117 446 torpore

104 457 262 537 paralysim
284 459 451 536 patiuntur,
479 456 535 516 hoc
559 464 662 528 estut
685 473 782 534 neque
812 455 906 534 frigus
929 473 1026 534 neque
1050 454 1116 516 cali-

105 546 175 607 dum
194 548 257 607 cuti
280 548 449 625 appositum
468 548 597 605 sentiant
619 546 773 624 patientes.
812 542 953 623 aliquanti
976 563 1011 604 ex
1034 558 1117 623 parte
1206 552 1207 557 ’

106 636 308 714 suprascripto
333 651 423 694 sensu
446 642 584 694 manente
608 635 770 712 patiuntur.
808 633 944 711 sequitur
965 641 1065 692 autem
1087 635 1116 692 iu

77 725 241 802 spessime
269 725 461 803 constitutos,
494 741 562 782 cum
595 720 768 782 difficultate
797 737 904 781 sensus
936 727 967 780 et
998 722 1117 782 insolito

104 830 175 892 usu,
202 810 330 872 difficilis
359 819 458 871 motus
486 827 537 871 aut
565 829 601 870 ex
629 819 691 870 toto
716 816 892 888 amputatus.
937 817 967 870 et
989 810 1119 870 efficitur

105 899 260 979 aliquando
280 901 372 960 totius
391 901 526 978 corporis
544 897 701 978 aliquando
720 899 827 977 partis,
847 905 898 958 aut
916 897 1117 958 membrorum

105 987 266 1048 multorum
290 996 341 1048 aut
364 987 530 1067 aliquorum
554 995 605 1048 aut
628 986 754 1046 membri
777 988 875 1046 unius.
920 995 950 1046 et
973 987 1117 1065 contingit

104 1077 278 1154 frequenter
305 1086 357 1136 aut
385 1095 422 1136 ex
450 1076 560 1155 frigore
584 1077 672 1136 nimis
695 1081 782 1135 acuto
810 1081 862 1135 aut
885 1074 1044 1136 vinolentia
1069 1081 1118 1134 aut

65 1180 90 1218 10
104 1163 302 1243 indigestione
326 1165 477 1243 frequenti
500 1173 551 1226 aut
572 1163 730 1224 immodico
754 1181 811 1224 usu
835 1165 965 1225 venerio.

193 1254 223 1312 in
251 1252 455 1314 curationibus
483 1272 554 1314 vero
582 1261 701 1332 oportet
732 1254 796 1331 ipsa
824 1253 920 1331 prima
946 1250 995 1312 die
1027 1251 1117 1314 flebo-

104 1343 224 1401 tomiam
256 1343 287 1402 in
319 1341 440 1402 brachio
474 1341 613 1402 adhibere
646 1340 726 1420 quod
761 1341 852 1401 luerit
885 1341 1011 1418 patienti
1041 1341 1117 1420 parti

104 1432 300 1511 contrarium,
328 1431 406 1509 quod
436 1432 597 1511 antispasin
627 1438 740 1489 vocant.
787 1431 812 1490 si
840 1446 910 1489 vero
939 1427 995 1490 sub
1025 1428 1116 1508 pleni-

104 1517 206 1578 tudine
243 1518 302 1579 cibi
339 1527 390 1580 aut
429 1521 489 1579 vini
521 1520 633 1580 luerint
665 1526 866 1597 aegrotantes,
903 1519 1047 1578 vomitum
1083 1517 1117 1578 ad

64 1622 89 1662 15
103 1623 245 1685 praesens
272 1607 446 1686 provocabis
475 1625 511 1668 ex
539 1606 676 1686 ydrelaeo
701 1605 809 1688 calido,
843 1606 874 1666 id
901 1614 948 1666 est
975 1624 1011 1666 ex
1044 1624 1118 1684 aqua

104 1694 197 1754 calida
225 1702 254 1755 et
282 1694 347 1756 oleo
375 1695 503 1757 admixto
532 1695 648 1756 modico
677 1694 750 1776 sale,
779 1702 810 1756 et
837 1697 880 1756 sio
909 1693 1040 1756 secunda
1070 1695 1115 1755 die

102 1782 307 1846 flebotomabis
335 1792 365 1845 et
391 1784 511 1847 mundis
539 1803 573 1845 ac
600 1783 738 1845 mollibus
765 1783 841 1845 lanis
869 1801 906 1844 ex
934 1783 999 1844 oleo
1023 1782 1116 1844 calido

102 1871 235 1932 membra
266 1875 408 1952 patientis
439 1873 569 1935 involves
602 1880 632 1934 et
665 1873 793 1933 fasciolis
823 1870 938 1934 levibus
971 1871 1116 1932 lasciahis.

102 1969 170 2039 post
197 1961 270 2022 haec
297 1980 389 2042 acopo
417 1961 614 2023 thermantico
642 1959 811 2023 ischiadicis
840 1962 979 2040 superius
1005 1963 1116 2040 scripto

62 2065 89 2105 ao
103 2050 197 2108 uteris
226 2057 256 2110 et
283 2051 470 2112 scarilatione
495 2069 531 2110 ex
558 2049 674 2111 levibus
696 2048 884 2127 laceramus,
916 2067 989 2128 quas
1012 2047 1116 2108 Graeci

103 2135 239 2215 ampchas
258 2147 372 2199 vocant.
413 2147 443 2199 et
466 2141 492 2198 si
510 2139 586 2199 lorte
610 2140 641 2198 in
663 2138 763 2216 lingua
783 2139 954 2219 contigerit,
978 2137 1114 2199 similiter

103 2224 265 2306 scarilabis‚
284 2234 314 2287 et
331 2234 399 2306 post
417 2227 637 2287 scarilationem
655 2226 780 2288 mulsam
800 2225 924 2289 calidam
942 2225 1114 2304 frequenter

103 2312 276 2374 coluendam
300 2314 382 2377 dabis
402 2324 432 2376 et
455 2333 471 2375 a
495 2314 679 2376 salsamentis
699 2315 744 2376 vel
771 2315 942 2395 liquamine,
967 2313 1047 2393 quod
1071 2321 1115 2374 est
1209 2387 1210 2396 ἵ

160 2541 325 2610 =10tpost
349 2541 410 2610 (oie)
432 2539 578 2610 paralisim
599 2539 654 2594 due
673 2557 695 2596 o.
804 2541 932 2610 torpore:
957 2554 1073 2608 corpore
1095 2554 1115 2607 c,

102 2614 162 2685 edi.
173 2646 203 2698 p.
270 2635 393 2699 tneque
408 2629 636 2710 calidumuneque
650 2628 783 2698 frigidum
793 2644 824 2696 p.
870 2613 963 2710 ‘dd-S·
981 2643 1007 2682 c:
1022 2635 1115 2710 supra·
1209 2633 1210 2640 ’

101 2699 176 2754 dicto
190 2716 221 2769 p.
294 2701 390 2754 autem
408 2701 556 2770 om.p(1n
574 2715 624 2754 om.
644 2702 676 2768 o).
751 2699 955 2753 oconstrtutoa
973 2699 1115 2767 porolrnm

102 2770 225 2840 eorporis
235 2787 300 2825 cum
309 2769 476 2825 difficultate
486 2787 583 2825 sensus
594 2787 617 2838 e,
632 2771 801 2825 constitutos
818 2768 972 2824 difficultas
984 2785 1080 2824 sensus
1085 2785 1113 2837 p.

102 2843 130 2896 ei
148 2840 261 2895 insolito
280 2859 332 2894 usu
355 2839 477 2895 difficilis
497 2858 533 2910 p,
557 2843 586 2896 et
603 2840 732 2896 insolitos
754 2855 821 2912 usq3
841 2838 951 2894 dillieili
969 2857 991 2895 e.
1099 2843 1113 2892 t

101 2910 254 2980 aliquando
276 2913 326 2965 aut
347 2911 436 2966 totius
459 2928 481 2966 c.
505 2915 556 2967 eut
577 2912 666 2982 porus
690 2915 739 2966 cot
761 2916 809 2966 etc.
829 2927 869 2980 cp.
979 2917 995 2964 9
1014 2912 1064 2965 aut
1082 2925 1113 2964 ex

100 2999 151 3066 orn.
167 3000 190 3065 'o
213 2983 279 3066 (obt.
294 2983 325 3036 et
344 2981 486 3064 extinguit
507 2983 540 3038 fr.
563 2983 701 3065 irigores).
783 3053 790 3066 ι
814 2987 850 3066 tl
874 2981 937 3065 ipso
957 2997 987 3066 ‚⁰²
1011 2997 1062 3037 oon.
1084 2997 1112 3050 p.

100 3052 744 3194 lulitttftlltuzp‘ffltdtluuti
756 3071 823 3194 ΕΜ
842 3053 1069 3179 illidium
1082 3056 1113 3176 ll

100 3195 231 3251 fosciabis
254 3194 365 3252 lenibus
401 3193 533 3250 asciolab'
559 3197 618 3266 (sic)
642 3213 669 3265 c,
695 3195 839 3250 involvens
860 3194 984 3250 fasciolis
1007 3194 1112 3250 levibus

100 3266 231 3350 foscionis
245 3283 275 3336 p.
381 3272 414 3321 19
434 3281 555 3349 osopum
574 3269 660 3336 (-p1't
673 3267 706 3336 p)
725 3266 924 3321 termeniicum
937 3267 1004 3348 Ι(-ὂ
1014 3267 1050 3348 p)
1065 3306 1072 3320 .
1086 3303 1111 3319 ..

101 3341 295 3462 {illidi
304 3424 336 3476 a.
402 3341 668 3488 titillant
687 3353 721 3462 {i
736 3336 1111 3477 tttcildiffllil!

100 3477 258 3534 ficationem
277 3495 318 3548 cp.
391 3478 483 3532 mulsa
502 3477 594 3532 calide
611 3478 630 3532 f.
650 3477 759 3534 levabis
773 3495 803 3548 p.
877 3484 910 3534 2³
931 3495 948 3533 a
966 3495 994 3533 c:
1019 3495 1067 3535 om.
1081 3493 1109 3548 p.
