2510 4020
578 247 794 312 ...62-

270 392 348 453 aliud
371 393 525 472 optimum.
561 393 661 471 ipsum
684 394 857 472 sanguinem
881 393 983 472 accipe
1002 399 1033 453 et
1053 390 1179 453 combure

181 489 212 543 et
242 482 321 543 iacto
353 481 475 562 pulvere
507 482 653 542 nescienti
685 481 808 542 naribus
839 481 934 562 inice,
966 483 992 542 si
1023 481 1061 542 dc
1091 480 1179 542 dextra

180 567 302 631 dextrae
325 572 351 631 si
374 571 410 632 de
434 571 555 630 sinistra
577 576 678 630 manet
700 571 847 632 sinistrae.

269 658 348 720 eliud
381 657 460 738 quod
493 657 651 719 Galenus
682 660 715 719 in
747 675 800 720 sua
830 658 1036 739 therapeutica
1063 658 1118 720 hoc
1143 664 1180 718 est

152 746 264 808 slihris
295 749 485 809 curationum
520 747 586 806 ficri
622 749 782 828 praecepit.
833 749 859 808 si
895 747 933 808 de
969 749 1090 809 sinistra
1121 764 1180 807 nare

180 839 301 916 sanguis
329 835 510 918 decurrerit,
541 833 728 897 cucurbitam
755 838 975 898 tenacissimam
1002 835 1094 898 muita
1124 853 1180 896 cun

178 925 295 985 flamma
319 924 415 1005 spleni
438 921 663 1004 conglutinabis.
701 927 727 986 si
749 924 786 986 de
810 924 927 1007 dextra,
956 927 1038 1005 epati
1061 923 1181 986 similiter

181 1031 320 1093 appones.

269 1101 347 1163 aliud
376 1103 401 1162 si
429 1102 551 1164 chronia
580 1102 672 1163 fuerit
698 1104 797 1183 passio
825 1103 856 1163 id
880 1109 927 1163 est
948 1101 1030 1182 longi
1053 1103 1181 1182 temporis

140 1205 167 1247 ιο
180 1196 211 1250 et
232 1192 321 1252 nimis
349 1207 494 1270 aquosum
522 1200 552 1252 et
574 1199 696 1252 tenuem
724 1191 834 1252 videris
861 1191 928 1252 fleri
955 1194 1140 1271 sangninem,
1162 1191 1180 1250 si

180 1285 279 1340 tamen
307 1279 415 1342 solutio
444 1287 607 1361 spontanea
633 1281 746 1341 ventris
774 1281 895 1342 minime
924 1279 1089 1362 obstiterit,
1117 1287 1180 1340 catr-

178 1369 259 1447 potia
287 1367 412 1430 Gaioni
441 1371 579 1450 superius
606 1371 638 1429 in
666 1371 804 1450 passione
832 1369 938 1449 capitis
964 1369 1078 1449 scripta
1105 1367 1181 1447 dabis,

180 1465 211 1518 et
233 1456 389 1518 humorem
412 1475 468 1538 per
489 1465 625 1519 ventrem
647 1457 803 1539 purgabis,
826 1464 857 1519 et
879 1456 1043 1520 sanabitur.

379 1616 482 1678 XXXI.
519 1616 567 1678 td
590 1617 759 1697 polypum
781 1625 817 1680 et
840 1635 1000 1681 ozaenas.

139 1755 165 1798 ta
268 1739 416 1820 Utrasque
439 1743 608 1823 passiones,
635 1739 665 1802 id
689 1749 736 1802 est
757 1741 898 1822 polypum
922 1750 953 1803 et
975 1759 1100 1804 ozaenas
1121 1757 1182 1822 qum

179 1846 234 1890 nos
253 1829 364 1892 fetores
383 1833 499 1891 narium
523 1830 659 1911 dicimus,
678 1832 877 1892 communiter
897 1830 1122 1893 medicamentis
1143 1829 1181 1890 de-

251 2040 265 2089 1
285 2036 423 2107 optimum
433 2054 470 2106 p:
488 2053 539 2094 om.
554 2055 569 2093 c
583 2038 629 2105 (cs.
646 2036 721 2093 Petr.
738 2036 843 2108 optime
857 2035 928 2092 iacis
947 2035 971 2091 si
986 2077 992 2090 .
1008 2080 1015 2093 .
1031 2081 1038 2094 .
1054 2036 1181 2109 excipias).

177 2106 271 2176 ipsum
299 2124 320 2162 ι.
351 2107 482 2163 combure
511 2110 541 2163 et
564 2107 641 2163 fecto
669 2108 785 2178 pulvere
812 2107 927 2162 naribus
949 2106 1023 2163 inice
1047 2109 1073 2165 ai
1098 2109 1183 2170 dexte

178 2177 276 2233 dextro
294 2177 319 2232 si
337 2177 450 2235 sinistra
467 2180 582 2234 maneat
600 2178 712 2235 sinistre
730 2195 753 2249 c,
776 2180 868 2250 ipsum
886 2196 907 2235 s.
927 2177 1056 2250 occipere
1075 2184 1105 2236 et
1121 2195 1183 2235 com·

177 2248 278 2304 burere
300 2251 329 2304 et
346 2247 440 2319 ipsum
477 2249 603 2306 nlvercm
624 2250 748 2306 nuuieeta
765 2251 830 2320 (ric,
852 2248 994 2306 nesciente
1014 2249 1105 2321 Patr.)
1121 2248 1183 2306 neri-

176 2319 230 2375 bus
247 2319 368 2376 insuffla.
413 2268 495 2376 sige
517 2320 634 2394 sigistro
647 2323 711 2392 (sic)
734 2322 765 2377 in
787 2320 909 2392 sigisiro.
946 2320 971 2376 si
994 2320 1029 2377 de
1054 2320 1183 2378 destoin

178 2391 311 2462 destrop
328 2392 467 2458 (similiter
485 2392 581 2460 Petu).
614 2393 649 2460 cf.
670 2391 721 2452 iu.
738 2393 829 2448 Prisc.
848 2391 881 2462 Ι,
899 2397 947 2449 12.
1019 2390 1183 2476 4(¹'&⁰1m{2)

176 2479 284 2564 galieni
300 2497 334 2552 cp
351 2481 427 2550 (Gal.
448 2481 492 2552 X,
511 2487 574 2540 316.
612 2482 647 2549 cf.
664 2481 754 2552 XIV,
768 2486 844 2550 338).
917 2479 948 2536 in
966 2497 1017 2564 sne
1033 2482 1132 2552 pedico
1147 2483 1184 2535 us

174 2569 205 2624 p,
223 2570 253 2608 m
271 2570 323 2610 suu
339 2553 465 2625 puericia
483 2553 676 2624 therapeutica
695 2571 718 2609 c.
770 2604 772 2612 .
818 2554 872 2608 hoc
890 2556 935 2608 est
952 2569 979 2608 c:
997 2571 1017 2608 1.
1036 2553 1078 2622 (id
1096 2554 1146 2622 est)
1158 2567 1183 2621 p.

177 2629 194 2680 ὅ
213 2623 325 2681 sinistro
343 2642 366 2696 c,
385 2624 498 2696 sigistro
512 2641 544 2694 p.
653 2631 669 2682 6
692 2623 833 2680 demerit
856 2625 922 2692 (sic)
942 2640 970 2680 o:
996 2624 1147 2680 cucurrerit
1159 2638 1183 2692 p.

178 2696 305 2766 inpleni
323 2711 349 2752 ca
369 2703 429 2768 spis
438 2713 462 2767 p
481 2695 561 2768 (spl’e
575 2697 631 2766 pc).
703 2697 801 2752 dextro
816 2712 838 2764 c,
856 2696 951 2751 destro
962 2695 1000 2764 p.
1031 2761 1033 2768 y
1066 2695 1184 2752 similiter

177 2800 302 2856 apponas
325 2785 404 2856 sputi
422 2802 453 2855 p.
557 2783 679 2840 eslim
697 2784 721 2840 si
738 2782 835 2841 cronia
852 2800 880 2839 ca
899 2784 930 2840 Si
946 2773 991 2856 ‘esp
1003 2800 1027 2854 p
1046 2785 1090 2856 (iu
1106 2798 1183 2852 morp.

176 2872 262 2928 artua
281 2874 306 2956 ss
324 2857 385 2956 isca
398 2875 453 2943 pe).
518 2880 561 2959 ,ιο
579 2873 662 2929 aima
676 2890 712 3000 p
730 2873 848 2958 nimium
866 2889 908 2958 a..
940 2891 1009 2958 pq.
1027 2874 1184 2945 emmam
1228 2945 1229 2960 .

176 2946 243 3000 oca
262 2945 367 3002 videras
385 2945 447 3016 (om.
465 2945 538 3015 fieri)
554 2962 584 3014 p.
702 2946 728 3000 ri
744 2960 781 2999 no
801 2947 866 3015 (pro
885 2963 909 3000 si
926 2946 969 3000 tm
982 2947 1016 3016 p)
1035 2962 1058 3001 e.
1156 2947 1183 2996 11
1228 2961 1229 2966 ¹

175 3022 234 3072 ime
252 3033 275 3087 p
297 3018 342 3084 (iu
364 3033 450 3089 morp.
469 3022 517 3087 μοι
541 3015 586 3071 si.
609 3023 697 3072 mima
721 3041 755 3064 ι-
778 3017 812 3086 c).
921 3015 1064 3073 obstiterit
1081 3031 1118 3087 p:
1143 3015 1198 3088 sir,

177 3085 307 3144 stinuerit
329 3104 351 3145 c.
459 3086 618 3157 oetaputius
634 3129 640 3142 .
656 3129 662 3144 .
678 3131 684 3143 .
700 3088 819 3158 scriptas
841 3103 875 3157 ep
899 3088 991 3159 (debis
1014 3087 1133 3158 scriptas
1156 3087 1182 3152 e).

178 3165 211 3214 18
230 3159 377 3217 humorem
390 3177 427 3229 p:
446 3173 525 3214 -res
544 3173 566 3213 c.
654 3159 798 3215 tenebitur
816 3176 844 3215 c:
863 3159 976 3216 sanabis
991 3175 1022 3230 p.
1096 3164 1129 3212 14
1145 3153 1183 3211 Ad

175 3231 304 3302 polipum
326 3235 357 3288 et
379 3247 492 3288 mornas
515 3242 551 3286 cm
570 3234 603 3284 31
629 3233 709 3297 σθω
730 3231 789 3286 iud.
809 3247 889 3301 copp.
933 3230 978 3286 Ad
994 3227 1184 3301 pulippumet

175 3447 208 3516 Ι,
227 3391 303 3504 ΠΨ
381 3451 414 3502 16
432 3389 550 3514 ugrque
569 3460 591 3501 c.
664 3443 792 3570 pniipum
816 3414 1184 3516 ecae’masp,pu1ipiset

175 3533 275 3575 ozenna
293 3535 315 3574 c.
390 3523 423 3572 16
441 3517 546 3572 totores
562 3531 596 3586 pe
613 3515 691 3572 ieme
710 3515 820 3586 (etone)
838 3531 861 3572 c.
