2510 4020
563 221 896 312 -oo-'

171 395 268 455 factus
296 395 322 454 si
348 394 426 454 forte
452 395 485 454 in
512 393 698 474 aegritudine
726 401 813 455 acuta
839 393 870 454 id
903 401 950 454 est
982 393 1072 456 celeri
1102 402 1176 456 motu

170 490 238 544 nata
266 483 424 563 contigerit
451 481 500 543 lll.
528 482 574 543 vel
601 481 664 544 llll.
692 481 754 564 die,
780 484 939 562 pessimam
971 482 1176 562 aegritudinem

171 579 202 632 et
227 569 372 651 prolixam
399 569 543 652 ostendit,
576 589 664 650 quam
697 570 803 632 Graeci
834 573 1041 655 mporonosian
1072 581 1176 651 vocant,

170 658 328 740 aliquando
346 677 417 720 vero
436 666 467 720 et
485 660 659 720 freneticam
677 662 846 739 passionem
864 659 1030 720 denuntiat
1071 663 1098 721 si
1114 677 1176 721 vero

143 750 202 810 sin
237 750 303 829 ipso
341 749 426 808 initio
464 747 659 828 aegritudinis
696 747 885 828 supradictus
922 751 1075 828 sanguinis
1109 749 1177 810 fluor

170 837 262 898 fuerit
284 837 381 897 factus
403 838 434 897 in
452 836 611 898 iuvenibus
633 836 679 897 vel
701 837 830 916 plurimo
850 839 995 916 sanguine
1013 835 1177 899 naturaliter

170 922 403 1006 abundantibus,
427 942 502 1004 quos
524 925 676 1007 poly'emos
698 933 817 1001 vocant,
843 933 874 987 et
898 943 967 987 cum
990 926 1072 1006 largo
1096 943 1177 988 cursu

170 1014 359 1096 frequenter,
381 1012 489 1074 bonam
513 1014 729 1076 discussionem
752 1013 892 1076 ostendit.

258 1104 422 1164 curationis
440 1111 539 1164 autem
557 1110 693 1182 tempore
712 1105 738 1164 si
756 1121 792 1163 ex
809 1103 953 1182 proximis
971 1105 1091 1164 narium
1114 1103 1178 1164 locis

130 1208 156 1248 10
171 1198 201 1251 et
227 1209 288 1252 non
316 1190 353 1251 de
381 1189 536 1252 altitudine
563 1192 655 1252 fuerit
686 1193 839 1271 sanguinis
868 1191 980 1274 fluxus,
1011 1200 1130 1272 oportet
1152 1193 1178 1251 in

168 1281 317 1360 principio
341 1278 514 1360 simpliciter
537 1280 619 1342 molli
640 1279 779 1360 penicillo
802 1279 909 1360 frigida
927 1299 1003 1359 aqua
1022 1281 1176 1342 madefacto

170 1370 250 1429 circa
277 1369 404 1430 maiores
431 1368 555 1448 angulos
583 1369 739 1431 oculorum
766 1371 941 1449 exprimere.
988 1371 1015 1430 si
1048 1387 1121 1431 vero
1148 1368 1178 1429 de

169 1456 324 1519 altitudine
352 1460 516 1518 manaverit
545 1460 679 1539 sanguis,
713 1459 771 1518 erit
797 1456 995 1536 infrigidanda
1026 1458 1119 1520 facies
1149 1475 1178 1517 ei

170 1563 245 1624 aqua
272 1546 361 1608 nimis
389 1545 496 1626 frigida
522 1553 575 1607 aut
602 1564 693 1627 posca
714 1546 829 1625 frigida.
867 1547 956 1607 etiam
979 1556 1009 1607 et
1031 1545 1178 1625 penicillos

130 1649 155 1691 is
169 1634 293 1712 frigidos
320 1651 411 1715 posca
438 1632 544 1695 leviter
570 1652 729 1714 expressos
756 1635 848 1696 fronti
876 1643 907 1696 et
935 1633 1059 1696 naribus
1086 1653 1178 1716 super·

168 1724 311 1804 proicies,
339 1729 370 1784 et
396 1740 539 1784 manuum
566 1741 600 1784 ac
622 1723 733 1802 pedum
756 1741 839 1804 acra,
864 1723 895 1784 id
919 1731 965 1784 est
992 1727 1178 1800 summitates,

168 1810 274 1891 ligabis
304 1820 335 1873 et
366 1812 484 1872 narium
516 1804 657 1873 cavernas
689 1810 771 1872 molli
797 1811 918 1872 linteolo
946 1810 1105 1892 diligenter
1135 1811 1177 1874 ob

169 1899 281 1962 trudes.
318 1899 398 1980 quod
422 1901 449 1960 si
466 1901 588 1961 minime
607 1899 785 1961 abstinuerit
803 1902 937 1981 sanguis,
960 1900 1133 1964 cubiculum
1152 1903 1177 1959 iu

169 2006 228 2068 quo
258 1986 450 2051 immobiliter
477 1991 592 2051 iaceant
623 1989 765 2069 frigidum
796 1997 826 2050 et
857 1989 1049 2069 planipedum
1080 1998 1110 2051 et
1135 1987 1177 2050 ob·

128 2093 155 2134 ao
169 2095 292 2138 scnrum
319 2075 504 2158 procurabis.
546 2080 634 2139 etiam
660 2095 766 2139 manus
794 2084 825 2138 et
851 2076 944 2157 pedes
972 2078 1080 2158 frigida
1112 2095 1179 2157 aqua

168 2164 215 2226 rel
244 2183 335 2246 posca
367 2165 546 2227 fomentabis
574 2174 605 2227 et
636 2167 667 2226 in
697 2183 750 2226 ore
778 2165 915 2228 similiter
947 2174 983 2227 ut
1014 2169 1180 2229 contineant

169 2253 261 2314 dabis.
307 2261 338 2315 et
365 2254 391 2315 si
423 2253 515 2315 fuerit
542 2261 660 2334 tempus
688 2255 767 2314 veris
794 2253 841 2315 vel
868 2256 1003 2334 aestatis,
1031 2264 1063 2317 et
1094 2257 1180 2337 ipsius

167 2344 309 2423 patientis
336 2352 417 2405 aetas
449 2342 541 2404 fuerit
570 2342 707 2405 iuvenilis
739 2351 770 2403 et
801 2342 946 2405 febricula
978 2343 1180 2425 modicissima,

240 2502 255 2550 1
274 2495 293 2551 'a
309 2495 394 2553 celeri
410 2497 497 2570 Q
514 2497 595 2552 motu
610 2498 679 2551 neta
687 2513 720 2567 p,
738 2496 757 2551 i.
776 2494 862 2552 celeri
874 2498 986 2553 numm
1000 2513 1015 2554 c
1029 2498 1089 2567 (vel
1103 2495 1180 2554 celeri

168 2569 249 2623 motu
272 2567 367 2639 Petu).
457 2567 541 2625 2111.
564 2567 776 2624 autminus
798 2566 937 2638 pessimas
959 2569 1135 2640 egritudines
1156 2569 1181 2623 et

167 2657 290 2726 prolixas
312 2673 334 2714 c.
443 2656 689 2712 omacionosiem
714 2673 742 2725 c,
766 2644 945 2730 magnoxism
958 2672 989 2727 p.
1101 2657 1181 2712 ieli-

167 2727 279 2796 qunndo
294 2768 302 2782 .
317 2770 324 2783 .
339 2771 346 2785 .
361 2727 515 2784 denunciat
536 2744 551 2783 c
572 2729 621 2795 (cf.
645 2727 755 2796 Peiros.
768 2743 819 2785 oso.
834 2743 865 2798 p.
973 2729 1146 2786 bsubditos
1161 2745 1180 2781 s.

166 2797 193 2852 fl.
213 2813 235 2854 c.
307 2798 327 2855 i.
345 2799 438 2855 factus
456 2799 542 2855 fuerit
554 2815 578 2868 p
597 2798 708 2867 (Petro.
800 2800 864 2855 din
882 2798 1032 2858 iuvenibus
1051 2803 1093 2870 (in
1110 2798 1181 2854 uiui·

166 2867 222 2938 fibi
242 2869 266 2938 c)
286 2869 374 2926 Peon:
393 2869 541 2927 iuvenibus
560 2869 600 2939 (in
619 2871 681 2940 om.)
696 2885 727 2952 p.
835 2869 881 2925 rel
902 2870 1024 2940 primum
1042 2868 1180 2952 sanguinis

166 2957 194 2996 u
213 2939 382 2998 abundantis
401 2939 487 2996 simus
505 2959 528 2998 c,
603 2946 618 2995 'l
637 2939 776 3010 pollienos
791 2957 822 3012 p,
840 2941 1020 3012 poliemtasc
1039 2943 1180 3013 (poliemus

166 3009 261 3080 Pete).
334 3017 350 3068 9
369 3011 504 3083 proximis
524 3013 612 3087 (pris)
631 3028 646 3066 c
662 3012 779 3078 (Petet
799 3010 898 3083 primis
912 3028 943 3082 p.
1017 3018 1052 3068 to
1070 3011 1181 3083 sanguis

165 3081 253 3138 fuerit
274 3082 294 3138 f.
316 3099 352 3155 p,
378 3083 464 3139 fuerit
489 3082 606 3154 sanguis
629 3083 682 3138 ic
706 3082 802 3150 (fuerit
824 3081 968 3154 sanguinis
993 3083 1064 3140 fluor
1091 3084 1180 3151 Petu).
1229 3107 1230 3114 ι

167 3158 199 3207 11
219 3154 381 3210 msdefsctn
398 3155 463 3223 (oio)
480 3171 495 3211 c
511 3155 623 3222 (Pctr.):
641 3152 733 3208 infuso
751 3170 779 3223 p.
867 3159 900 3208 12
918 3172 956 3210 ιιι.
975 3155 1122 3211 oculorum
1139 3170 1181 3208 au·
1229 3163 1230 3170 ’

166 3224 248 3294 gulos
262 3241 286 3294 p
302 3225 409 3298 (Pan).
499 3224 692 3295 exprimerep
709 3225 824 3293 (Petet
843 3240 893 3280 om.
913 3241 935 3280 c.
1025 3232 1059 3280 13
1078 3223 1181 3295 infrigi-

166 3295 235 3350 dato
253 3313 275 3352 c.
385 3303 419 3353 14
443 3296 528 3352 nimis
546 3299 602 3422 lm
621 3298 646 3364 c)
664 3294 752 3351 Petu:
775 3297 843 3350 urbis
867 3297 931 3364 (sic)
948 3313 980 3366 p.
1089 3314 1118 3366 p.
1141 3301 1180 3349 uis

165 3365 270 3437 frigida
287 3368 387 3424 iterum
404 3385 427 3424 c.
501 3373 534 3423 15
565 3366 655 3422 enitet
672 3383 694 3422 c.
786 3381 869 3438 super
889 3367 1010 3437 proicies
1028 3383 1061 3437 cp
1081 3369 1181 3443 (proies

165 3439 274 3508 as'cpt‘).
348 3445 381 3494 17
401 3439 549 3495 obstrudss
568 3455 583 3494 c
599 3437 707 3506 (Pete).
792 3443 825 3494 is
844 3437 1014 3494 abstinuerit
1032 3457 1059 3496 c:
1078 3438 1181 3494 restite

165 3507 205 3565 rit
217 3525 248 3579 p.
321 3516 355 3565 22
374 3517 421 3567 nei
433 3527 465 3581 p,
484 3509 563 3567 remi
582 3525 604 3566 c.
