2510 4020
450 248 669 312 „29-

66 401 97 452 ut
116 391 239 471 ligatura
260 410 277 452 a
296 392 388 453 fundo
411 393 578 473 pendiginis
601 395 736 473 incipiat,
759 401 794 453 ut
811 394 957 456 orificium
975 394 1069 458 libere

66 479 164 542 haheat
195 499 253 560 quo
285 483 380 560 possit
410 481 518 544 humor
550 481 719 543 decurrere.
767 483 856 543 eliam
888 491 918 544 et
950 485 1068 547 schema

66 570 171 630 iacendi
192 568 373 648 patientibus
396 570 453 632 tale
477 587 543 630 esse
567 578 697 650 oportet,
725 577 759 632 ut
782 587 900 651 semper
923 574 1069 635 orificium

65 658 222 738 pendiginis
240 660 340 719 iusum
357 666 488 720 meatum
507 658 622 741 habeat,
643 657 722 739 quod
741 658 847 720 Graeci
865 668 929 722 cata
947 679 1068 742 yporry·

66 749 105 807 sin
128 754 239 808 vocant.
276 755 348 808 tunc
371 746 428 808 alia
450 748 497 809 die
517 747 612 808 solves
636 756 667 809 et
688 746 784 808 mulsa
802 746 894 808 calida
913 748 1097 831 delavabis,⁶

65 838 216 897 etiterum
240 835 488 898 medicamentum
512 854 602 916 supra
625 839 770 917 scriptum
789 835 943 899 diachartu
964 840 1069 900 inicies

65 931 109 984 aut
130 933 210 986 certe
234 921 355 984 chloran
383 932 534 986 emmoton
561 924 734 1006 appellatam
763 940 799 984 ex
825 928 920 986 veteri
948 927 1069 988 919911-

65 1013 174 1092 quidius
197 1011 332 1074 solutam.
375 1021 405 1074 et
432 1021 590 1094 postquam
618 1013 727 1075 videris
754 1012 944 1093 pendiginem
966 1033 982 1074 a
1006 1033 1069 1076 sor-

65 1101 142 1162 dibus
167 1109 323 1182 purgatam
351 1102 457 1177 iuisse,
485 1100 636 1182 cephalico
663 1102 879 1164 medicamento
906 1102 988 1164 melli
1019 1103 1069 1164 de·

66 1199 191 1268 spumato
219 1191 349 1252 admixto
378 1199 409 1251 et
435 1199 555 1252 emoto
583 1191 649 1253 tilto
677 1193 824 1273 apposito,
852 1193 913 1252 sire
941 1190 1070 1272 collyriis
1084 1202 1110 1243 1⁰

66 1297 95 1338 ex
121 1279 223 1340 eodem
255 1278 405 1360 cephalion
433 1297 502 1340 cum
528 1279 616 1340 melle
643 1278 791 1360 pastillato
819 1279 876 1340 sub
907 1279 980 1340 hora
1009 1281 1069 1340 ior·
1167 1295 1176 1304 ·

65 1369 141 1428 matis
173 1375 379 1447 competenter
411 1367 604 1429 carnificabis.
664 1370 752 1429 etiam
787 1375 818 1428 et
848 1367 978 1429 diaiteon
1011 1387 1070 1428 enr-

64 1455 197 1534 plastrum
227 1458 468 1538 superimpones,
495 1457 585 1517 latius
607 1455 762 1518 inductum
785 1463 820 1517 ut
847 1458 936 1516 etiam
959 1459 1071 1518 vicinas

64 1553 153 1622 parles
176 1545 257 1626 colpi
274 1547 369 1625 ipsius
388 1547 552 1628 cooperiat,
575 1548 616 1606 ita
639 1553 672 1606 ut
695 1544 731 1605 ad
750 1563 784 1606 os
802 1544 934 1607 vulneris
957 1545 1070 1626 forpiee

65 1633 249 1713 emplastrum
276 1635 391 1713 aperias
415 1641 445 1694 et
472 1635 515 1694 sie
539 1636 772 1715 superimponas.
815 1637 903 1695 etiam
927 1644 957 1696 et
980 1653 1071 1714 super
1085 1644 1111 1685 1⁵

65 1721 248 1802 emplastrum
275 1720 442 1801 plenarium
471 1741 507 1782 ex
540 1721 670 1784 linteolis
697 1722 854 1803 duplicatis
882 1740 1014 1802 appones
1041 1731 1071 1784 et

65 1807 164 1888 ligabis.
210 1817 244 1872 et
276 1829 344 1872 cum
377 1813 509 1892 coeperit
545 1811 673 1891 pendigo
711 1813 823 1870 saniem
856 1810 1009 1870 candidam
1041 1820 1071 1872 et

65 1915 183 1962 crassam
207 1901 346 1961 emittere
370 1906 401 1960 et
423 1897 587 1960 secundum
612 1900 806 1978 quantitatem
825 1900 960 1958 minusa
983 1897 1070 1959 solito

66 1987 227 2069 excludere,
252 1987 373 2049 collesin
396 1988 529 2048 futuram
552 1988 698 2067 signifieat
720 1986 749 2048 id
769 1996 816 2048 est.
836 1985 1070 2066 glutinationem.

65 2083 127 2137 tune
149 2097 182 2139 ea
206 2094 283 2158 quae
306 2074 451 2137 iniciehas
468 2075 609 2156 paulatim
633 2075 807 2136 deducendo
827 2074 863 2135 ad
882 2093 915 2136 os
939 2073 1070 2137 vulneris
1085 2089 1111 2129 2⁰

126 2255 141 2302 3
160 2248 218 2303 tale
233 2264 269 2317 p:
287 2246 355 2302 ielis
372 2263 413 2317 99.
504 2263 612 2316 semper
630 2262 689 2316 epo:
709 2263 792 2316 super
809 2263 854 2316 99,
874 2245 917 2300 sui
935 2263 957 2302 9.
1054 2252 1072 2300 4

64 2315 145 2372 iorum
158 2336 184 2389 9,
198 2319 247 2374 sed
259 2333 346 2388 erepta
360 2317 405 2373 el'.
418 2318 482 2372 iussu
494 2324 526 2388 9⁰
539 2343 573 2364 ==
583 2334 615 2388 p,
628 2317 721 2372 uisum
735 2334 757 2373 9.
821 2317 1033 2387 ceieyporrusin
1045 2333 1071 2386 9,

64 2391 255 2496 oedyporusin
289 2441 315 2493 9,
349 2423 576 2494 cetephyporisin
599 2441 622 2493 p
655 2421 707 2492 (εἰς
734 2418 889 2492 9996999999
918 2423 981 2505 Ι(191.
1012 2422 1073 2488 XI,

65 2499 133 2565 128).
206 2502 223 2550 5
239 2494 382 2551 delevebis
395 2513 421 2566 9,
440 2495 585 2550 delanabis
599 2512 621 2564 e,
639 2492 749 2549 levabis
759 2509 790 2562 p.
864 2499 880 2547 6
899 2493 1026 2548 1119999919
1036 2508 1071 2561 p:

64 2565 243 2622 decolari-um
271 2567 342 2634 (1919)
371 2583 403 2637 9,
433 2566 591 2622 (1199999999
617 2581 638 2621 c.
762 2569 777 2618 'l
804 2564 945 2619 eloranem
971 2564 1071 2618 motos.

64 2639 207 2706 appellato.
237 2639 267 2691 99
284 2655 310 2692 v.
331 2653 355 2694 o.
373 2655 399 2708 9,
424 2637 546 2693 dorenen
572 2637 665 2691 999999
688 2634 848 2704 exepelleie
873 2633 929 2689 olei
946 2633 1036 2689 veteri
1050 2650 1073 2702 e,

65 2707 152 2764 doram
174 2709 268 2764 motos
295 2725 360 2778 epp.
384 2724 419 2763 ex
441 2727 466 2764 v.
491 2708 553 2763 oleo
572 2724 595 2778 p
621 2706 668 2774 (cf.
698 2707 760 2763 Gal.
786 2705 892 2772 XIII,
919 2709 974 2761 484
996 2711 1072 2775 epp).

65 2779 184 2836 8solute
202 2795 263 2850 999,
372 2779 570 2850 9999999999
590 2780 626 2847 (et
648 2783 680 2832 11
702 2777 793 2851 ceph.)
811 2793 837 2847 9.
946 2775 1025 2831 melli
1043 2794 1071 2847 9:

65 2851 139 2905 melle
153 2869 194 2921 ep.
270 2855 303 2906 10
317 2852 347 2904 99
360 2866 452 2904 emmo
466 2849 562 2905 9991199
576 2866 602 2920 9,
616 2866 632 2910 7
647 2849 676 2903 in
689 2847 840 2918 1119911999,
859 2853 875 2903 9
889 2846 1032 2903 9999991199
1041 2865 1073 2917 p.

65 2921 171 2976 colliriis
192 2921 277 2978 fectis
300 2938 334 2976 ex
357 2925 404 2975 eie.
422 2937 488 2991 999,
510 2922 560 2976 ubi
577 2921 662 2975 deieci
679 2919 770 2974 fectis.
815 2918 852 2985 ef.
878 2919 957 2987 infra
980 2935 1001 2974 9.
1026 2923 1073 2975 20.

65 2989 201 3048 diaiiheon
225 2986 284 3063 (διὰ
309 2989 403 3060 lasciv)
421 3008 453 3062 9,
477 2991 642 3047 dichiiheon
665 3006 706 3060 cp.
823 2995 856 3044 13
875 2988 995 3062 imponis
1013 3005 1072 3060 pop.

68 3065 261 3134 1499111999.
309 3079 370 3118 cmc
392 3078 460 3134 9999.
485 3062 519 3129 cf.
543 3061 641 3116 Aetius
667 3059 762 3130 XIV,
791 3065 836 3116 53.
916 3061 1023 3130 forpice
1043 3074 1073 3130 99

66 3129 151 3189 forfice
179 3136 286 3204 (—eem
305 3145 340 3203 9)
369 3150 410 3204 ep.
537 3138 570 3188 16
593 3136 658 3203 poet
680 3132 842 3215 plenarium
867 3132 899 3187 tle
924 3131 1075 3187 callositate

66 3203 173 3286 91199919
191 3207 258 3261 hoec
270 3206 385 3274 praebet
401 3205 476 3260 eolus
489 3220 518 3260 9.·
536 3202 634 3259 1991999
648 3203 763 3258 mmime
778 3201 865 3257 fuerit
878 3205 974 3257 secute
987 3201 1074 3257 eiiam

69 3290 112 3359 (99)
134 3311 167 3348 ex
188 3292 316 3350 ertomffe
339 3292 485 3348 9919919999
508 3292 628 3362 rni’gera
652 3293 746 3347 999999
769 3290 816 3362 [ex
839 3290 971 3360 pulteolis
995 3289 1073 3359 dupl.

67 3365 290 3433 9999991999
308 3381 330 3420 9.
349 3369 389 3420 20
408 3365 496 3420 locum
513 3365 619 3418 19919999.
709 3368 742 3418 ia
760 3361 879 3432 opponis
897 3377 956 3432 999.
1040 3365 1072 3414 18

68 3447 185 3498 grassem
200 3451 221 3505 9
239 3437 341 3505 (91.9).
432 3436 498 3505 ella
514 3437 542 3504 9)
562 3433 645 3490 991199
663 3450 723 3504 pop.
820 3431 1014 3488 1999119919
1031 3431 1073 3484 fu-

68 3503 151 3558 turem
169 3523 187 3576 9
206 3505 331 3575 (collesin
349 3505 369 3562 f.
383 3508 425 3576 p).
