2452 4014
566 257 784 322 ..gg-

169 420 265 482 mens,
293 401 449 480 aliquando
477 418 581 483 parra,
611 418 680 463 cum
711 403 864 481 sanguinis
896 419 1042 482 supernae
1076 403 1174 465 educa·

168 492 257 551 tionis
281 491 487 571 reluctatione,
515 507 603 569 quarn
626 489 732 552 Graeci
756 497 869 551 ematos
892 506 1042 571 anagogen
1068 500 1174 553 vocant.

167 581 215 639 sin
232 597 303 640 reru
322 597 359 641 ex
382 577 518 640 faucibus
542 587 572 640 et
590 597 647 640 uva
670 580 842 659 eontigerit,
865 586 993 658 prueter
1007 580 1174 642 tussiculam

9 721 11 744 ,
168 669 246 729 sicut
269 686 305 730 ex
328 684 381 728 ore
400 684 468 729 oum
488 669 676 728 excreatione
695 667 860 747 despuitur.
897 675 929 728 et
946 668 1113 731 secundum
1133 687 1174 730 co·
1219 675 1220 726 t

9 751 11 818 i
127 770 141 809 ὁ
168 755 263 818 lorem
299 756 345 817 vel
378 755 575 817 substantiam
607 773 697 836 supra
731 756 830 818 dictus
862 759 982 836 sanguis
1015 758 1175 819 ostenditur

167 845 241 906 locis
265 863 301 905 ex
324 843 434 924 quibus
457 845 579 906 teratur.
616 844 696 925 quod
719 846 745 906 si
768 843 1008 924 tuerituigellus
1029 865 1101 908 cum
1122 861 1174 906 me·

167 932 263 993 diocri
290 935 468 1015 quantitate,
498 952 535 994 ex
563 935 687 995 minutis
714 935 797 994 renis
826 933 1017 1013 significatur.
1059 938 1087 996 si
1113 952 1174 995 vero

167 1020 260 1082 ssavus
288 1022 380 1083 luerit
408 1031 438 1083 et
466 1039 535 1084 cum
561 1024 675 1102 ingenti
702 1024 816 1101 impetu
844 1030 875 1084 et
901 1021 1056 1084 abundans
1085 1024 1175 1102 luerit,

167 1109 307 1171 exclusus
331 1129 367 1171 ex
390 1113 509 1171 arteriis
531 1113 614 1172 venis
638 1129 704 1172 esse
734 1111 948 1172 manifestatur.
991 1113 1017 1172 si
1044 1129 1116 1172 reru
1138 1113 1173 1172 ni-

8 1211 10 1240 t
128 1197 262 1278 1ogellus
292 1199 384 1260 inerit
410 1206 442 1260 et
468 1199 560 1260 veluti
587 1199 741 1280 globosus,
774 1217 864 1279 quem
892 1197 998 1260 Graeci
1029 1199 1174 1262 thrombn·

167 1305 276 1348 menon
294 1296 414 1371 vocent,
433 1305 501 1349 cum
521 1288 638 1350 modico
656 1288 768 1368 dolore,
791 1287 828 1348 de
848 1287 978 1350 thoracis
998 1297 1086 1368 parte
1111 1290 1174 1351 terri

166 1375 342 1438 ostenditur.
389 1379 414 1438 si
437 1385 536 1440 autem
560 1380 624 1438 siue
647 1377 707 1439 ullo
738 1376 841 1437 dolore
864 1393 934 1437 cum
955 1378 1073 1457 ingenti
1094 1379 1173 1440 tussi·

165 1465 232 1526 cula
264 1473 293 1526 et
326 1465 458 1527 anhelitu
486 1465 598 1526 rubens
631 1474 661 1526 et
687 1467 788 1526 tenuis
816 1472 934 1527 scatens
962 1473 993 1527 et
1022 1483 1173 1550 spumosus

166 1555 286 1633 sanguis
314 1555 406 1615 luerit
433 1556 574 1635 emissus,
602 1554 842 1616 manifestissime
869 1555 906 1615 de
935 1553 1079 1634 pulmone
1111 1555 1173 1616 terri

7 1651 9 1722 ᾗ
126 1655 151 1694 1⁵
166 1643 365 1722 cognoscitur.
402 1641 550 1721 aliquibus
569 1660 649 1724 vero,
672 1645 697 1703 si
715 1642 793 1704 torte
812 1650 908 1704 aetate
927 1645 1053 1705 iuvenes
1073 1644 1173 1706 inerint

164 1731 326 1812 patientes,
354 1733 442 1792 etiam
469 1731 614 1792 malarum
641 1730 776 1792 modicus
799 1731 893 1793 rubor
920 1733 951 1792 in
974 1731 1061 1794 vultu
1086 1740 1172 1794 osten·

166 1818 255 1881 ditur.
293 1827 323 1881 et
346 1822 424 1882 sicut
448 1819 603 1882 Galenus
626 1821 657 1881 in
681 1819 863 1899 diagnostice
887 1821 940 1901 ait,
969 1839 1005 1881 ex
1029 1819 1172 1884 stomacho

6 1948 8 1964 ·
68 1920 236 1970 r·1⁷³rcro
260 1915 291 1969 et
312 1917 417 1971 ventre
440 1911 467 1970 si
489 1910 594 1991 inerit,
618 1911 777 1990 evomitur,
801 1912 828 1970 si
850 1925 887 1970 ex
909 1909 1034 1972 renibus
1056 1910 1061 1987 Ι
1083 1920 1113 1972 et
1133 1926 1170 1968 ve·

164 1998 239 2078 sica,
266 1999 422 2078 mingitur,
450 2001 476 2059 si
503 2017 539 2059 er
569 1999 732 2079 intestinis,
760 1999 901 2076 egeritur.
943 2005 975 2058 et
997 2007 1071 2060 sunt
1099 1997 1170 2060 dilie-

123 2101 150 2140 ao
164 2088 278 2147 rentiee
310 2085 415 2148 linens
447 2087 600 2164 sanguinis
630 2102 756 2148 numeru
789 2093 931 2164 quattuor
967 2086 1080 2166 quibus
1116 2086 1170 2147 lieri

164 2174 249 2235 solet.
281 2172 438 2254 aliquando
458 2174 622 2237 secundnm
643 2175 859 2254 disruptionem
879 2191 1022 2237 venarum
1042 2177 1170 2251 efficitur,

163 2261 321 2342 aliquando
349 2262 514 2324 secundum
542 2263 746 2325 enudationem
780 2266 912 2343 ipsarum
940 2255 1100 2347 ranarum,
1129 2263 1170 2324 ali·

237 2530 250 2576 1
280 2539 400 2598 superne
433 2522 591 2578 durationis
617 2540 648 2596 g,
680 2541 797 2595 superne
831 2523 971 2579 ductionis
999 2542 1027 2594 e,
1063 2536 1169 2595 superne

163 2594 320 2650 eductionis
333 2612 365 2664 p.
456 2596 600 2650 temutes
642 2595 797 2650 :amathoe
816 2612 843 2663 c,
863 2595 972 2650 cinatoe
986 2612 1017 2666 p.
1097 2592 1170 2649 etin

161 2683 207 2735 gc:
228 2665 298 2734 Sip.
371 2665 550 2735 tdespuitur
562 2681 592 2736 g:
633 2665 752 2737 'spuitur
763 2682 794 2735 p,
813 2665 971 2736 disponitur
984 2683 1007 2722 c.
1082 2663 1169 2722 aloen

163 2753 197 2791 ex
216 2735 317 2804 quibus
334 2751 363 2806 9:
383 2736 461 2792 locus
480 2735 581 2806 quibus
600 2753 630 2804 c,
648 2754 683 2792 ex
701 2736 802 2807 quibus
820 2737 890 2794 locis
903 2754 935 2807 p.
1027 2737 1086 2794 uod
1103 2736 1126 2791 si
1142 2763 1169 2774 ν

163 2809 201 2875 (9)
220 2805 417 2888 monifestetur
434 2821 483 2932 pp:
502 2822 553 2862 om.
572 2823 595 2862 e.
695 2807 808 2864 irenis
826 2824 915 2878 emp
934 2809 993 2878 (nbi
1043 2809 1106 2864 erit.
1140 2821 1167 2859 er

161 2877 273 2932 trierim
292 2892 352 2932 esae
371 2878 553 2934 momentum
571 2880 633 2948 est).
714 2885 748 2934 to
766 2878 898 2950 globosus
916 2880 986 2935 mete
1004 2896 1035 2949 p.
1108 2879 1169 2933 toro·

161 2948 303 3003 bumenon
321 2949 386 3016 (sic)
402 2966 433 3018 g:
452 2948 614 3006 tronitenon
636 2967 664 3020 c,
686 2950 838 3006 tribumeri
857 2968 887 3020 p.
992 2956 1024 3004 11
1045 2951 1124 3021 parte
1143 2961 1168 3018 n:
1213 2949 1216 3012 'i

162 3021 257 3090 partes
276 3035 303 3085 c,
325 3017 452 3089 partibus
466 3037 497 3089 p.
539 3026 603 3104 ⁸lt
622 3020 759 3104 malarum
778 3037 823 3092 cp:
847 3022 985 3106 mularum
1002 3037 1021 3092 g
1040 3023 1096 3107 (sed
1114 3037 1128 3074 e
1144 3018 1168 3071 tn
1215 3051 1216 3060 .

160 3092 384 3230 {dedistis
411 3091 803 3218 .t⁷.t·.¹.¹.¹.t¹2t⁸.t.⁸tttt:
819 3093 1100 3231 tibitibi?
1115 3092 1167 3236 ”td
1215 3133 1216 3146 ¹

161 3231 263 3300 Lips).
347 3239 380 3288 18
400 3237 429 3289 et
447 3251 493 3304 op:
512 3250 546 3288 ex
563 3251 589 3304 g.
675 3233 804 3290 siluerit
821 3250 847 3290 c:
867 3236 1015 3305 cm.g(in
1028 3236 1119 3304 price
1143 3228 1167 3282 S1

162 3317 197 3356 ex
216 3303 249 3357 et.
270 3303 299 3358 et
317 3306 413 3360 ventre
431 3303 534 3374 fuerit).
607 3306 701 3362 vesica
715 3307 758 3361 est
771 3306 808 3376 (e)
823 3323 860 3360 m.
875 3322 897 3363 c.
971 3311 1005 3361 20
1020 3307 1166 3376 quatuorc
1214 3343 1216 3370 2

162 3371 228 3427 1111:
242 3389 286 3458 gp.
323 3381 476 3445 nepotesue
494 3375 617 3431 Gabene
640 3376 802 3443 Vitrea,
835 3377 870 3444 cf.
886 3381 929 3432 79.
951 3376 989 3444 X,
1008 3381 1070 3434 311.
1137 3374 1165 3424 ²1
1214 3379 1216 3394 '

163 3443 199 3498 al.
219 3460 294 3499 emm
312 3447 376 3502 cdd.
391 3463 423 3517 p.
500 3445 689 3517 diruptionem
708 3464 730 3504 c.
803 3453 837 3502 aa
857 3446 1029 3504 ell'udetroue
1048 3465 1078 3518 g:
1100 3457 1166 3499 resu-

163 3514 306 3571 daticnem
324 3532 350 3584 c,
369 3517 580 3573 desudationem
594 3535 625 3588 p.
