2452 4014
452 249 694 316 -115-

125 463 224 527 XLVl.
261 465 308 526 lu
333 483 484 545 eaquae
509 468 650 528 vesicae
674 466 856 547 accidunt,
880 485 968 546 quae
992 489 1008 529 a

63 553 214 614 Graecis
243 563 475 633 symptomata
503 554 746 634 appellantur,
775 573 838 616 nos
867 575 952 616 vero
981 561 1074 618 acci·

317 643 439 704 dentia
462 643 584 704 dicere
607 645 817 724 poterimus

153 765 294 827 Omnium
316 767 480 846 logicorum
503 768 673 828 testimonio
693 776 797 828 natura
816 771 930 830 vesicae
950 787 1075 830 nervosa

61 854 225 936 iudicatur,
258 873 332 934 quae
366 855 422 917 sub
453 857 568 935 ingenti
594 857 787 940 perfrictione
817 868 868 918 aut
895 858 1005 937 frigore
1038 858 1099 918 abe

61 943 187 1004 humore
216 962 366 1005 venenoso
398 952 429 1004 et
461 943 591 1005 mordaci
619 953 753 1007 nocetur.
796 942 918 1025 <quod>
949 948 1074 1008 maxime

61 1034 126 1092 lieri
160 1032 235 1093 solet
262 1033 400 1094 cachexia
427 1032 630 1094 laborantibus
658 1032 687 1094 id
716 1043 762 1094 est
794 1034 869 1095 mala
901 1034 1074 1096 habitudine

61 1124 205 1200 corporis.
246 1139 316 1182 oros
343 1123 423 1182 enim
451 1123 616 1204 sanguinis,
643 1125 695 1202 qui
722 1123 811 1183 latine
842 1141 944 1185 serum
975 1124 1074 1204 appel·

16 1209 19 1220 ’
59 1209 147 1290 latur,
166 1211 218 1289 qui
237 1228 272 1270 ex
292 1205 434 1290 sanguine
453 1228 508 1290 per
526 1228 630 1271 venam
650 1213 744 1290 epatis
762 1210 946 1291 depurgatur
963 1215 1074 1274 mixtus

59 1297 121 1358 lclll
153 1299 221 1359 rulo
253 1299 437 1360 descendens
471 1301 585 1360 vesicae
618 1300 816 1360 ulcerationes
845 1303 999 1362 universas
1027 1302 1073 1362 vel
1088 1318 1114 1357 so

59 1389 236 1466 asperitates
260 1397 319 1449 aut
337 1386 518 1450 debilitatem
546 1391 650 1449 nutrit.
691 1387 769 1448 unde
794 1406 897 1448 omnes
919 1391 1073 1468 passiones

59 1477 174 1535 vesicae
193 1475 305 1538 difficili
324 1478 476 1538 curatione
496 1477 661 1538 medentur.
695 1485 765 1538 sunt
782 1494 853 1537 vero
871 1479 1073 1558 suprascripta

58 1562 224 1624 accidentia
250 1565 416 1644 periculosa
443 1566 574 1626 ischuria
602 1565 631 1626 id
660 1574 706 1627 est
734 1585 770 1626 ex
797 1575 860 1627 toto
888 1569 992 1627 urinae
1022 1565 1072 1628 ab·

59 1655 214 1732 stinentia,
237 1661 267 1713 et
286 1654 404 1733 dysuria
424 1654 518 1715 idest
538 1656 640 1716 urinae
659 1653 830 1737 difficultas,
856 1664 886 1716 et
904 1658 1072 1736 stranguria

57 1741 86 1801 id
110 1748 159 1802 est
182 1742 285 1802 urinae
308 1743 448 1822 paulatim
470 1761 527 1822 per
548 1751 646 1822 guttas
669 1743 809 1804 exclusio.
1086 1760 1112 1801 15

131 1989 145 2037 1
165 1983 210 2038 Ad
228 1982 320 2040 vesica
339 1982 481 2054 passiones
496 1989 530 2038 46
545 2000 568 2050 c,
587 1983 630 2038 Ad
649 2000 684 2038 ea
701 2001 756 2054 que
771 1983 880 2040 vescioe
899 1983 1031 2040 accidunt
1039 2001 1072 2056 p,

58 2055 113 2124 (Ad
137 2055 230 2112 vesiee
249 2054 374 2109 dolorem
397 2055 454 2110 ind.
474 2056 515 2126 p).
557 2055 654 2110 dende
676 2056 756 2124 qnasi
778 2073 797 2110 o
819 2060 909 2110 tectus
931 2056 1013 2112 initio
1030 2072 1071 2111 sc-

56 2131 183 2195 qnuntwr
202 2126 297 2180 veinis
315 2127 392 2180 tituli
409 2127 492 2181 verba
510 2125 551 2180 De
571 2124 615 2181 his
635 2125 790 2197 quevesice
805 2126 1004 2196 acciduntque
1019 2171 1025 2183 .
1042 2169 1048 2182 .
1064 2168 1070 2182 .

55 2197 237 2266 appellentur
259 2201 306 2252 etc.
331 2214 358 2265 c,
377 2198 417 2252 sic
439 2203 546 2252 mutata
568 2199 600 2252 in
618 2215 653 2268 p:
677 2195 719 2252 Ea
741 2215 795 2267 que
818 2197 909 2253 vesica
931 2197 1070 2254 accidunt.

54 2270 122 2339 (quc
142 2269 204 2337 om.)
224 2284 242 2322 a
259 2268 348 2337 grecis
367 2287 387 2323 s.
407 2285 472 2338 epp.
570 2275 586 2324 1
606 2270 785 2338 simptomste
803 2285 829 2334 c,
853 2268 1025 2325 sinthomsta
1041 2287 1070 2338 p.

55 2345 71 2392 3
91 2339 213 2395 dicimus
232 2356 253 2394 e.
326 2346 343 2394 4
361 2338 517 2409 logicorum
527 2356 562 2409 p:
581 2355 631 2394 om.
652 2357 673 2394 c.
746 2341 848 2394 natura
866 2371 898 2379 -
917 2339 1068 2395 iudicatur:

55 2429 152 2483 inatos
171 2427 264 2483 vesioe
282 2443 382 2484 nervos
394 2429 517 2483 idrcatur
531 2444 554 2495 c,
572 2429 667 2484 vesica
682 2415 739 2482 inu
758 2429 800 2496 (in
813 2443 899 2496 marg.
909 2433 945 2496 1⁰⁰
958 2429 1070 2494 naturs)

53 2515 174 2554 nervose
191 2497 334 2554 iudicatur
347 2515 377 2568 p.
451 2504 467 2553 5
486 2499 538 2554 sub
556 2515 583 2554 e:
603 2499 639 2554 ab
653 2515 684 2568 p.
755 2499 814 2568 ing.
827 2498 1007 2568 perfrictione
1021 2501 1072 2553 aut

53 2569 161 2638 frigore
180 2585 195 2624 o
212 2571 288 2636 (item
305 2569 409 2626 Petroc.
424 2586 455 2638 p.
474 2574 557 2638 265):
581 2568 638 2640 ing.
658 2569 761 2640 frigora
776 2586 807 2638 p.
898 2569 947 2623 ab:
969 2569 1019 2622 eut
1037 2585 1071 2637 cp

52 2641 167 2708 (Pete).
276 2647 291 2695 6
318 2644 348 2696 ei
365 2657 401 2711 p:
425 2641 476 2694 aut
499 2656 513 2698 c
535 2639 640 2710 (Peto).
748 2640 836 2710 quod:
854 2640 908 2695 boc
922 2656 958 2709 p,
977 2655 1026 2694 om.
1047 2655 1070 2695 c.

54 2712 130 2766 solat
151 2709 273 2767 maxima
287 2728 318 2780 p.
410 2717 522 2767 soros:
547 2713 587 2766 sic
605 2727 647 2782 cp.
737 2709 882 2782 sangoinis
901 2741 935 2750 -
953 2726 1018 2780 app.
1033 2727 1069 2779 p:

54 2781 222 2852 sanguinem
244 2800 296 2852 pro
319 2782 453 2838 latitudie
471 2783 531 2838 feru
550 2783 690 2852 apellatur
708 2799 729 2838 c.
830 2789 915 2853 uper
932 2800 957 2836 v.
977 2781 1068 2852 epotis

55 2869 69 2906 c
83 2853 197 2920 (Petnb
213 2860 300 2908 exues
314 2856 444 2924 separato
454 2871 485 2924 p.
559 2860 593 2909 10
605 2853 676 2910 ruffo
691 2871 716 2910 cs
732 2870 781 2910 suo
791 2870 823 2924 p.
895 2853 1029 2908 descensu
1037 2869 1069 2921 p.

54 2942 79 2980 v.
94 2923 240 2979 universas
254 2925 308 2982 ulc.
319 2941 350 2993 p.
415 2929 448 2978 12
464 2943 492 2994 p.
506 2942 532 2978 v.
549 2925 705 2981 emptiones
720 2925 849 2980 difficiles
862 2924 1029 2996 ingeruntur
1038 2941 1070 2992 p.

56 3011 129 3067 Sunt
147 3012 222 3066 cuim
241 3012 402 3082 supradicte
417 3030 448 3081 p,
468 3012 497 3068 Si
515 3029 581 3068 vero
600 3013 657 3068 suis
676 3015 742 3084 (pro
756 3013 807 3084 SS)
826 3029 847 3070 c.
926 3019 959 3068 te
978 3013 1070 3068 scuris

55 3085 120 3149 (-a
134 3087 158 3152 c)
173 3099 206 3152 cp
221 3082 328 3152 (Simon
342 3102 362 3138 s.
373 3083 488 3153 „Souna
501 3084 533 3138 ui
542 3083 627 3139 Cossi.
642 3085 677 3140 fe.
690 3083 797 3140 vessica
811 3085 906 3155 passio
922 3101 942 3138 s.
958 3085 1069 3152 quondo

55 3155 151 3209 cxioto
174 3154 329 3224 denegatur
351 3154 431 3208 urine
455 3153 545 3210 exitus
569 3157 640 3210 etc.“
671 3156 706 3224 ef.
727 3156 801 3211 Petr.
819 3173 848 3225 p.
867 3157 944 3224 265).
1035 3161 1069 3208 14

55 3223 161 3279 dianna
180 3225 245 3294 (4
263 3229 287 3294 c)
306 3233 347 3295 φ’.
459 3232 537 3296 top.
557 3245 585 3296 p.
604 3245 631 3298 g.
650 3228 730 3283 mins
748 3226 870 3282 exclusio
886 3243 915 3295 p.
1023 3241 1069 3279 ex·

55 3295 208 3350 elusionem
232 3298 335 3366 gignit
357 3296 420 3364 (sic)
443 3314 552 3352 morsus
578 3299 607 3351 et
625 3297 761 3353 ulceratio
780 3313 813 3352 ex
831 3295 1022 3352 anbeoedentis
1039 3297 1067 3350 h.

55 3367 185 3422 acredine
204 3365 265 3423 fieri
284 3368 399 3422 solet..
416 3385 464 3437 .c,
483 3368 614 3425 exclusio.
652 3385 686 3424 cx
705 3367 895 3424 antecedeniis
913 3368 941 3422 h.
960 3383 985 3423 a.
1004 3383 1068 3421 con·

54 3440 98 3561 tfiig
121 3437 176 3563 <stl
194 3439 332 3494 ulceratio
355 3439 419 3494 odd.
443 3439 535 3510 corr.)
557 3439 588 3508 ei
605 3441 685 3495 dolos
707 3441 736 3494 et
754 3455 862 3494 morsus
886 3440 914 3493 et
932 3437 1069 3492 ulceratio

73 3507 312 3578 erisoei...p.

871 3597 908 3651 8*
