2452 4014
538 267 580 278 -
629 229 693 294 154
740 266 777 276 —

453 409 540 471 LXll.
576 411 624 472 hd
650 411 859 472 freneticos,

1219 119 1220 160 l

237 535 292 596 Est
319 543 417 598 antem
445 537 572 604 frenesis
600 537 767 598 immutatio
795 537 997 599 mentiosum
1024 533 1149 596 lehrein

148 643 209 686 uno
232 643 435 706 perseverans.
473 633 503 686 et
526 625 654 686 efficitur
677 625 802 687 maxime
824 642 861 687 ex
884 626 974 689 nimia
997 623 1149 704 adustione,

149 711 228 793 qnod
256 732 293 775 ex
320 731 482 775 encanseos
516 713 632 795 dicunt,
665 722 716 774 ant
748 731 785 773 ex
813 712 980 776 vinolentia.
1027 714 1150 792 sequitur

121 810 249 864 sautem
267 810 404 880 aegrotos
427 800 519 865 febris
539 809 633 883 acuta,
656 800 749 865 rubor
767 801 880 882 vultus,
904 801 997 864 nndta
1015 800 1149 864 mobilitas

149 891 304 952 oculorum
323 909 391 952 oum
409 892 554 972 tensione,
573 889 739 952 lucubratio
759 891 820 952 sive
838 892 1040 972 insomnietas,
1057 888 1149 970 pulsus

147 981 290 1060 parvitas,
318 997 406 1058 quam
434 980 642 1058 micruslyxian
670 978 787 1061 dicunt,
820 981 929 1043 mentis
962 979 1096 1040 alienatio
1125 986 1149 1037 et

149 1068 349 1148 crooydismos
368 1067 398 1128 id
418 1076 464 1130 est
481 1067 626 1130 docorum
646 1066 765 1148 electio,
789 1069 815 1131 si
839 1067 960 1147 quidem
980 1067 1078 1147 digitis
1099 1067 1147 1126 he·

148 1164 275 1234 quenter
307 1159 365 1237 ipsi
401 1158 548 1236 patientes
586 1158 770 1236 operimenta
802 1164 960 1216 attractare
998 1155 1148 1218 videantur.

109 1257 134 1298 1⁰
148 1244 304 1324 aliquando
333 1265 349 1306 e
376 1244 540 1325 parietibus
568 1245 692 1324 stipulas
719 1244 835 1325 legunt,
864 1244 944 1324 quod
968 1244 1073 1306 Graeci
1096 1261 1148 1304 oar·

148 1333 276 1413 lologion
298 1334 454 1415 appellant.
492 1343 523 1397 et
541 1333 697 1416 aliqnando
718 1351 786 1394 cuno
804 1332 952 1396 hilaritate
977 1334 1148 1414 freneticam,

149 1421 306 1502 aliquando
330 1441 400 1484 uero
425 1441 494 1485 cuno
517 1424 646 1486 tristitia.

236 1513 266 1571 in
294 1509 500 1574 curationibus
532 1529 602 1571 vero
634 1513 714 1572 inter
746 1510 881 1592 scapulas
913 1512 995 1572 circa
1028 1507 1146 1590 spondyli

148 1599 246 1660 locum
279 1599 435 1661 cucurbita
466 1617 535 1660 cnm
565 1599 754 1661 scarilatione
785 1601 896 1680 uteris,
911 1631 913 1638 s
928 1607 959 1660 et
991 1607 1058 1679 post
1086 1597 1146 1658 haec

109 1701 134 1742 os
147 1695 306 1766 praetonso
334 1691 469 1768 pressius
496 1690 591 1769 capite
619 1687 694 1751 lanis
719 1684 880 1768 oxyrodino
904 1687 1012 1748 inlusis
1036 1687 1146 1768 operies.

149 1784 178 1836 et
202 1777 227 1836 si
249 1786 354 1838 venter
377 1795 437 1838 non
460 1778 578 1852 fecerit,
601 1776 728 1857 clystere
751 1775 944 1838 deducendus
969 1778 1035 1837 erit.

237 1865 325 1928 aliud.
361 1866 489 1929 hederae
508 1865 590 1928 albae
610 1863 677 1928 lolia
700 1867 731 1926 in
751 1883 826 1944 aqua
850 1864 980 1927 decocta·
992 1883 1060 1926 cum
1077 1871 1147 1924 aceto

148 1962 178 2015 et
201 1970 323 2016 rosaceo
347 1957 416 2016 trita
439 1963 470 2016 et
493 1973 552 2037 per,
569 1953 724 2016 huteolnno
747 1953 875 2032 eliquata
894 1961 924 2015 et
946 1955 1036 2036 capiti
1054 1953 1145 2031 supino

148 2041 297 2104 schemate
330 2046 455 2106 iacentis
487 2044 584 2104 inlusa
613 2042 805 2124 frequenter,
842 2059 979 2104 somnum
1012 2041 1147 2102 adducunt

108 2145 134 2185 eo
148 2130 309 2192 freneticis.

238 2216 325 2280 aliud.
366 2222 397 2280 in
421 2219 513 2280 calida
537 2228 567 2282 et
589 2219 654 2280 oleo
682 2237 803 2280 rosaceo
833 2227 983 2300 ptygmata
1010 2219 1102 2280 inlusa
1121 2221 1146 2274 et

149 2309 282 2386 apposita
314 2326 330 2368 a
363 2316 448 2388 teugo
481 2310 559 2370 inter
593 2307 728 2387 scapulas
761 2316 791 2368 et
822 2309 951 2389 pectori,
988 2306 1147 2386 frequenter

148 2394 318 2458 humectato
342 2396 476 2480 thorace,
500 2414 638 2458 somnum
661 2398 781 2458 iaciunt.

222 2539 233 2585 1
255 2531 297 2587 De
314 2531 418 2588 frenesi
431 2549 462 2602 p.
549 2539 567 2587 2¹
584 2527 701 2588 frenesin
720 2547 746 2586 ce
768 2529 910 2586 freneticis
923 2545 955 2600 p.
1042 2536 1148 2599 equam

148 2619 299 2660 oncenseos
318 2604 344 2660 d.
364 2621 406 2674 cp.
478 2603 614 2662 violentie
627 2621 658 2672 p.
732 2609 748 2657 6
767 2607 802 2656 oso
820 2600 941 2656 intentio
960 2617 983 2670 c,
1002 2599 1145 2666 cheslon

147 2674 195 2740 (cf.
215 2673 287 2729 Cael.
306 2675 377 2730 Aru.
396 2691 440 2732 oco.
459 2677 482 2730 Ι
484 2717 493 2743 ,
513 2680 569 2744 36).
664 2673 811 2730 lucubrato
826 2688 861 2742 p:
882 2677 895 2726 1
913 2672 1030 2728 bmohio
1047 2688 1069 2728 c.
1132 2672 1143 2722 i

146 2761 286 2816 microofic
299 2779 321 2832 c,
340 2747 437 2834 mifirlie
453 2779 480 2834 p.
553 2763 716 2818 eflooorum
730 2760 845 2816 etioctio
859 2777 881 2829 c,
899 2759 1000 2816 florum
1016 2759 1111 2816 electio
1119 2771 1145 2826 p.

146 2833 316 2908 npotiontio
337 2851 359 2889 c.
468 2836 591 2890 stratone
614 2851 640 2900 c,
664 2833 824 2888 adtrectare
844 2849 875 2901 p.
983 2831 1109 2887 videntur
1121 2843 1147 2896 p.

147 2908 181 2957 10
200 2919 215 2957 s
233 2919 259 2958 c:
278 2919 328 2958 om.
344 2922 366 2974 p
385 2905 489 2974 (cedd.
499 2909 554 2976 1²⁰)·
626 2902 781 2986 coriologin
799 2919 821 2970 c,
842 2919 923 2958 -em
937 2919 968 2971 p.
1043 2909 1072 2956 11
1091 2915 1146 2954 eum

144 2989 197 3028 orn.
215 2991 256 3046 ep.
364 2976 546 3034 freneticetnr
563 2992 590 3044 c,
609 2973 774 3031 frenetidnet
787 2991 819 3043 p.
924 2979 957 3028 tn
976 2989 1044 3029 vero
1060 2987 1107 3027 out
1119 2985 1145 3038 p.

147 3051 179 3099 13
194 3045 326 3116 spondilii
335 3061 358 3115 c,
373 3047 575 3116 spondiliorum
584 3064 615 3116 p.
659 3087 663 3102 ,,
681 3052 714 3101 14
724 3045 925 3102 scarificatione
935 3044 1068 3114 (adeone
1077 3045 1100 3111 o)
1109 3055 1142 3109 ep-

146 3122 180 3171 15
198 3119 332 3186 pretnnso
347 3135 378 3202 ‚⁶²
396 3133 509 3188 prereso
522 3135 554 3188 p.
627 3117 762 3174 exicidiuo
782 3131 805 3183 o,
823 3115 950 3172 extrudit]
963 3131 994 3184 p.
1040 3185 1046 3198 ο
1065 3109 1145 3193 operio

145 3191 471 3316 annitente
486 3195 534 3316 ΞΤ
568 3191 776 3328 tilithi
793 3190 926 3314 “moth
944 3186 1146 3320 nillil

144 3329 173 3386 iu
193 3332 274 3386 aceto
292 3334 322 3388 et
340 3349 402 3389 cum
420 3350 443 3388 r.
462 3348 485 3390 c.
559 3337 592 3386 19
610 3329 715 3392 intenti
728 3346 770 3400 cp.
843 3346 1002 3415 (somnum
1010 3345 1040 3398 p.
1102 3321 1144 3378 td·

145 3416 225 3474 ducit
243 3422 304 3491 (-‹'r
317 3423 349 3492 p)
369 3439 410 3492 cp.
493 3426 527 3476 21
547 3419 669 3489 ptimnte
682 3436 720 3488 p,
738 3434 807 3477 -oo
824 3435 847 3475 o.
925 3423 959 3475 12
979 3412 1093 3487 peototit
1109 3425 1143 3478 φ·

145 3494 179 3543 23
199 3492 229 3545 et
247 3495 396 3563 (somnum)
415 3509 437 3548 c.
510 3489 580 3546 lecit
598 3489 653 3558 (fei
670 3496 701 3560 p)
718 3506 761 3560 ep.
