2510 4020
554 248 748 310 -4-

141 394 262 454 minime
290 391 467 472 impedierit.
510 392 589 470 quod
613 392 807 454 catharticum
831 393 970 452 conficies
995 393 1050 452 sic:
1078 392 1159 452 aloes

142 495 167 546 λ
183 481 219 562 ΙΙ,
238 481 370 562 dacrydii
390 481 470 562 211,
495 480 704 560 coloquintidis
723 482 876 542 interioris
896 483 993 541 carnis
1018 485 1044 536 2
1064 481 1085 560 1,
1109 481 1159 540 ah·
1245 483 1246 552 ξ

142 569 244 631 sinthii
262 572 375 648 pontici
399 583 426 634 ι·
443 570 470 630 Ι.’
502 587 570 630 curm
590 569 708 631 coliculi
727 587 799 630 suco
819 568 940 648 colliges
964 577 994 630 et
1011 572 1159 649 catapotia
1245 563 1246 568 ’

141 661 171 720 in
206 659 326 720 modum
356 661 462 720 ciceris
495 658 677 719 informabis.
726 677 763 719 ex
796 659 904 738 quihus
937 657 973 718 ad
1004 675 1161 738 vesperam

114 745 294 810 acuhaturis
313 750 344 807 in
363 766 416 808 ova
435 746 555 809 sorbilia
574 754 780 827 competenter
798 745 892 828 dabis,
911 754 962 808 aut
980 755 1062 808 certe
1085 739 1160 808 illrid
1245 815 1246 818 ¹

140 839 345 916 purgatorium
369 836 448 916 quod
472 837 629 897 coniicitur
652 855 688 897 ex
715 836 867 916 dacrydio:
899 835 1002 896 oholos
1025 835 1067 896 lll
1090 854 1160 896 curn
1245 839 1246 874 ³

141 925 220 984 aloes
244 924 334 1003 duplo
358 933 496 986 conteres
524 932 555 985 et
582 943 650 985 cum
677 925 773 986 mulsa
796 924 888 985 calida
920 926 1028 985 iciunis
1052 925 1160 985 sereno

140 1031 208 1073 aere
242 1012 332 1074 dahis.
374 1021 523 1074 transacto
552 1021 651 1074 autem
683 1015 869 1093 purgationis
896 1019 1031 1093 tempore
1064 1015 1090 1073 si
1123 1031 1160 1074 ex

141 1119 304 1162 encauseos
331 1103 423 1164 fucrit
452 1101 535 1163 dolor
563 1101 592 1162 id
621 1109 667 1162 cst
695 1121 731 1162 cx
761 1104 879 1162 ustione
910 1104 1000 1183 acris,
1032 1103 1160 1162 maxime

101 1215 127 1254 io
141 1198 276 1269 tempore
295 1193 428 1272 aestatis,
452 1190 615 1269 oxyrodino
639 1189 669 1250 id
689 1199 735 1250 cst
758 1198 841 1251 aceto
861 1198 891 1250 ct
910 1208 1031 1251 rosaceo
1051 1189 1159 1270 frigido

141 1286 230 1360 caput
258 1277 451 1340 embrocahis.
494 1279 573 1357 quod
603 1281 637 1338 si·
652 1278 688 1338 ad
711 1296 853 1358 praesens
876 1297 936 1339 non
964 1279 1056 1339 fuerit
1078 1297 1160 1340 rosa·

141 1386 241 1448 ceum,
270 1369 449 1429 omlacinnm
478 1367 576 1428 oleum
606 1370 715 1428 mittes.
753 1369 841 1428 etiam
874 1374 905 1428 et
938 1368 1067 1428 frontem
1091 1385 1160 1428 cunr

140 1457 327 1535 temporibus
350 1455 574 1535 cataplasmahis
597 1474 673 1536 pane
697 1475 734 1517 ex
756 1475 846 1536 posca
865 1457 970 1536 frigida
994 1464 1025 1516 ct
1043 1456 1161 1517 modico

142 1544 206 1605 oleo
230 1564 362 1627 rosaceo,
385 1545 514 1606 admixto
539 1552 569 1605 et
592 1543 662 1604 lolio
685 1544 870 1624 plantaginis.
902 1547 934 1605 ‚si
957 1562 1027 1604 vero
1050 1563 1086 1606 ex
1109 1545 1161 1605 fri·

102 1659 127 1700 15
142 1652 213 1712 gorc
235 1635 326 1695 fuerit
345 1634 443 1714 dolor,
466 1635 586 1694 anetino
606 1633 671 1693 oleo
690 1641 741 1694 aut
764 1633 947 1712 amygdalino
967 1641 1018 1693 aut
1036 1640 1159 1694 rutaceo

142 1722 283 1784 calefacto
312 1725 421 1803 uteris,
448 1724 510 1782 sive
538 1721 588 1781 illo
619 1721 697 1800 quod
725 1724 833 1800 recipit
859 1721 1025 1801 herpyllum
1053 1739 1162 1800 peuce-

141 1810 251 1872 danum
275 1820 444 1873 castoreum
472 1827 615 1890 cyperum
643 1827 812 1871 samsucum
844 1809 972 1870 hederae
996 1809 1163 1889 corymbos.

215 1953 228 2000 1
254 1948 329 2016 quod
353 1947 497 2002 conficitur
520 1935 591 2016 sicil,
610 1963 638 2016 9,
726 1943 837 2000 conficis
855 1961 896 2014 pc.
994 1945 1163 2069 91099999

143 2017 218 2072 aloes
232 2035 263 2086 9.
336 2016 542 2088 adiagridium
560 2033 593 2100 99
608 2016 694 2099 (ᾒάἱὶ
703 2020 745 2086 p).
777 2086 783 2098 ·
818 2017 937 2084 coloque
956 2016 1068 2098 (1999)
1082 2015 1164 2090 9199

145 2087 217 2157 (-d'
232 2105 267 2157 9,
291 2089 361 2143 -do
381 2095 404 2157 c)
427 2106 453 2159 9.
561 2088 962 2156 1ntenores(-1sp)carnes
985 2090 1056 2156 (-1s
1074 2089 1109 2157 9)
1132 2106 1164 2158 9ε

144 2175 241 2214 carnes
250 2159 397 2214 interiores
412 2176 434 2214 c
506 2157 680 2213 absinthium
693 2156 839 2227 ponticum
852 2175 892 2228 pc.
907 2219 914 2236 ,
965 2164 982 2212 3
998 2174 1064 2212 cum.
1076 2159 1164 2213 cauli-

145 2265 202 2320 culi
220 2281 271 2334 pc,
296 2235 463 2338 o³u1<icu1i>
486 2282 504 2335 9
527 2266 569 2334 (ire
591 2280 660 2332 roc,
685 2269 719 2319 ci
742 2265 805 2320 odd.
833 2267 882 2334 9⁰).
974 2263 1084 2334 colligis
1103 2280 1164 2334 ppc.

145 2371 302 2442 catapotias
319 2390 346 2444 9,
366 2371 496 2441 —pocias
515 2389 538 2438 c,
560 2370 695 2441 -pudias
706 2387 737 2440 9.
810 2375 826 2424 5
846 2347 988 2425 cubatbris
1011 2369 1163 2425 dormitum

145 2443 275 2498 euntibus
293 2461 311 2514 9
331 2443 482 2510 (cubaturis
501 2459 551 2498 om.
567 2459 617 2512 pc,
640 2443 689 2512 qui
711 2443 829 2513 plossum
846 2442 931 2496 colom
944 2445 1073 2510 poneret).
1147 2450 1164 2497 6

146 2531 179 2568 ox
198 2514 338 2584 diagridio
357 2513 530 2569 oboloslll.
564 2531 627 2569 cum
651 2514 733 2568 aloen
756 2513 782 2566 d.
806 2530 836 2584 9,
860 2528 894 2566 ex
917 2511 1050 2582 diagridii
1071 2513 1165 2568 obulis

144 2585 233 2640 tribus
248 2602 312 2640 cum
326 2585 403 2641 aloes
418 2586 444 2639 d.
454 2601 486 2654 9,
506 2602 539 2639 ox
555 2584 695 2654 diagridiir
711 2583 801 2638 obolis
820 2583 911 2639 trihus
925 2601 988 2638 cum
1002 2584 1084 2638 aloen
1098 2584 1125 2641 d.
1142 2602 1164 2640 c.

146 2662 162 2709 8
177 2657 201 2710 si
215 2674 249 2711 ax
269 2673 419 2713 encauscos
432 2673 450 2726 9
464 2661 489 2710 et
498 2663 534 2725 90
548 2656 590 2725 (id
605 2672 639 2710 ex
652 2656 748 2710 labore
762 2655 825 2709 add.
836 2657 885 2725 9⁰),
899 2655 924 2708 si
939 2671 1125 2709 axoncauseas
1135 2673 1165 2710 c:

146 2726 217 2781 sicae
236 2734 332 2783 caseos
352 2733 416 2784 ante
434 2743 503 2782 corr.
518 2744 548 2796 9.
636 2732 652 2780 9
672 2742 706 2780 ax
723 2725 834 2780 ustione
851 2742 896 2795 pc:
919 2741 954 2780 ax
971 2725 1118 2780 adustione
1133 2744 1165 2796 9.

147 2803 180 2851 10
209 2796 373 2852 oxirodinon
400 2815 419 2868 9
454 2799 544 2866 (-m'1
567 2800 613 2867 9),
642 2795 826 2851 oxicodionc
868 2797 902 2864 cf.
931 2796 993 2852 Gal.
1017 2801 1065 2864 14,
1100 2801 1164 2854 315.

147 2874 179 2922 11
203 2885 354 2938 oppressus
376 2887 406 2938 9.
500 2874 532 2922 12
557 2867 728 2923 omlacinum
751 2866 838 2937 (Gai,
863 2867 933 2936 Orba
963 2867 1114 2922 omfacinm
1138 2887 1165 2940 9,

146 2956 262 2994 -cenm
281 2957 307 3008 c,
334 2957 433 2994 —cum
447 2957 477 3008 9.
581 2940 676 2994 mittes
699 2956 734 3008 p:
759 2937 850 2994 mittis
872 2954 913 3009 pc.
1022 2937 1108 2992 ctiam
1136 2943 1168 2994 et

145 3027 191 3081 pc:
214 3026 302 3080 emp
326 3011 458 3077 (frontem
480 3011 569 3080 39991.
593 3026 663 3065 corr.
686 3011 718 3064 in
744 3012 851 3080 muro).
943 3015 976 3063 13
995 3007 1166 3078 timporibus

146 3097 204 3152 ppc.
278 3081 346 3150 pani
365 3082 449 3151 (pane
463 3082 504 3152 9⁰)
519 3098 553 3135 cx
566 3097 651 3150 posca
666 3098 692 3151 9,
711 3096 784 3149 panc
799 3097 833 3135 ax
846 3097 932 3150 poscu
945 3097 972 3135 c:
990 3079 1059 3148 pani
1076 3097 1168 3150 pusca.

129 3156 208 3219 ’(999
228 3155 271 3220 ex)
287 3170 318 3221 9.
392 3158 427 3206 14
444 3152 526 3207 folio:
545 3151 615 3207 folia
631 3168 672 3222 9ο,
690 3151 766 3206 foliis
779 3167 811 3221 9.
894 3152 928 3219 cf.
949 3151 1011 3207 Gai.
1030 3155 1081 3217 14,
1100 3156 1166 3207 316.

148 3229 180 3278 15
201 3222 316 3278 suetinsi
331 3263 337 3276 .
354 3266 360 3279 .
377 3266 383 3279 .
398 3222 594 3293 amigdalinia.
613 3264 619 3277 .
634 3264 640 3276 .
655 3223 784 3293 rutucau3
803 3221 955 3292 caleiactm
970 3239 992 3278 c.
1067 3228 1100 3276 16
1115 3222 1167 3278 illo

142 3313 178 3365 p:
201 3293 273 3349 illud
295 3311 336 3366 9ο.
427 3293 558 3364 erpillum
587 3310 636 3364 pp:
670 3292 814 3362 serpillum
827 3299 900 3363 '9⁰p0
927 3294 972 3362 (cf.
997 3293 1069 3348 (loci.
1093 3294 1167 3349 Aur.

143 3384 172 3436 9.
193 3368 276 3435 285),
300 3367 323 3420 u
346 3364 436 3435 pilum
459 3382 481 3420 c.
573 3371 605 3420 17
635 3364 760 3436 cipetum
777 3380 829 3436 ppo
853 3366 883 3432 (i.
902 3381 960 3418 cc
999 3363 1092 3434 irum).
1130 3367 1168 3432 cf.

148 3436 214 3492 Oeta.
234 3437 272 3507 V,
290 3443 324 3492 11
343 3437 405 3504 (uhi
422 3438 587 3492 molestiam
600 3437 768 3508 Dorcmberp
785 3435 968 3506 sampsuchus
1003 3434 1101 3505 yprius
1111 3451 1168 3505 pro

146 3508 336 3578 sampsuchus,
356 3507 489 3578 cypirus).
531 3509 567 3575 cf.
582 3506 644 3562 Gal.
660 3512 706 3575 12,
721 3511 784 3562 503.
862 3506 945 3580 edera
964 3507 1102 3562 corimbos
1120 3525 1166 3578 99,
