2452 4014
541 233 759 300 ..68-

120 401 123 408 ·
141 386 237 465 ipsam
250 381 376 444 buccam
389 380 532 460 perforet,
547 377 627 457 quod
641 377 747 440 Graeci
761 376 904 439 teredona
920 384 1033 439 vocant
1067 385 1097 438 et
1110 385 1152 439 est

142 474 262 534 omnino
286 471 449 532 curationis
472 466 610 529 dillicilis.
648 466 701 528 sed
724 473 843 547 oportet
861 484 896 528 ea
917 465 1058 528 adhibere
1081 484 1151 546 quae

141 561 314 640 saepissime
342 556 491 620 curandae
519 555 672 636 putredini
701 557 886 636 gingivarum
913 557 1053 635 superius
1085 557 1152 616 seri·

141 651 270 732 psimus,
295 648 325 710 id
350 656 396 708 est
418 645 465 708 dia
489 644 593 706 chamu
617 644 866 707 medicamentum
889 643 1018 706 admixto
1040 643 1152 705 modico

115 741 255 818 opipere.
299 736 346 798 vel
379 734 453 797 illud
480 732 730 795 medicamentum
757 751 888 813 appones
916 751 953 794 ex
980 733 1051 794 iimo
1078 734 1153 794 canis

144 825 300 888 combusto
324 825 452 886 iuferius
470 822 506 884 ad
525 839 630 884 omnes
651 821 828 902 putredines
847 829 877 884 et
895 839 995 883 scaras
1017 839 1071 882 suo
1095 821 1153 882 loco

144 917 361 995 conscriptum,
398 921 429 974 et
461 913 647 973 extrinsecus
680 910 857 991 cataplasma
880 928 917 972 ex
958 909 1099 972 lenticula
1128 917 1154 970 st

142 1021 219 1084 pane
251 1003 366 1064 adiecto
399 1000 516 1063 modico
556 999 642 1061 melle
675 1000 858 1080 coniectum,
895 999 975 1078 quod
1007 999 1154 1078 artolagon

142 1099 263 1173 vocant,
286 1099 317 1152 et
340 1098 440 1153 cetera
463 1088 552 1150 simili
574 1090 684 1150 virtute
708 1086 879 1166 medentia]

46 1212 125 1316 unffi-⁴
368 1248 500 1310 Xlllllll.
535 1246 584 1309 ld
607 1250 737 1310 tussim
761 1247 947 1309 humidam.

232 1375 360 1437 Humida
393 1373 575 1453 intellegitur
603 1374 709 1453 tussis,
741 1390 831 1451 quarn
857 1371 963 1433 Graeci
995 1371 1156 1453 ygrobecln

143 1472 263 1544 vocant,
287 1466 427 1544 quotiens
451 1480 520 1524 cum
542 1460 672 1541 plurimo
695 1461 832 1540 flegmate
856 1463 1041 1542 apparuerit,
1064 1461 1094 1522 id
1117 1467 1157 1521 est

144 1571 213 1615 cum
242 1552 404 1614 abundanti
434 1551 622 1611 excreatione
652 1558 703 1611 aut
735 1549 955 1611 humectatione
984 1557 1014 1611 et
1047 1552 1157 1611 narium

118 1643 262 1722 'pruritu
288 1648 318 1702 et
341 1640 567 1702 sternutatione.
610 1646 641 1699 et
663 1637 821 1717 aliquando
844 1637 1010 1700 iacentibus
1034 1639 1155 1720 quodam

104 1743 130 1784 15
145 1729 232 1791 modo
262 1747 404 1791 resonum
433 1727 582 1789 sibiletum
610 1726 749 1788 ostendit.
790 1726 863 1788 haec
890 1729 989 1807 passio
1014 1736 1063 1790 est
1086 1745 1156 1788 com·

143 1820 243 1880 munis
272 1820 485 1881 reumatismus
513 1817 639 1880 arteriae
668 1823 698 1876 et
725 1815 865 1877 thoracis.
909 1833 985 1896 quiae
1013 1818 1040 1877 si
1072 1815 1156 1877 multo

144 1916 280 1988 temporo
299 1907 500 1987 permanserit
518 1911 553 1967 ut
575 1904 639 1965 dies
658 1921 785 1965 numero
804 1903 855 1964 XL
874 1904 1011 1985 excedat,
1035 1905 1157 1966 efficitur

144 2004 175 2057 et
197 1996 347 2076 pulmonis
372 2003 402 2057 et
426 1998 456 2055 in
479 1994 638 2074 pthisicam
660 1995 756 2073 vergit
779 1995 958 2073 passionem.

234 2086 397 2146 curationis
416 2100 487 2144 vero
507 2090 642 2161 tempore
661 2089 780 2162 oportet
802 2084 834 2143 in
857 2085 922 2163 ipso
941 2084 1026 2143 initio
1048 2081 1156 2144 duobus

144 2173 190 2234 vel
214 2173 311 2234 tribus
335 2171 442 2233 diebus
466 2172 492 2232 si
514 2172 592 2230 vires
615 2172 808 2250 permiserint
837 2173 982 2234 ieiunium
1004 2169 1156 2232 laboranti·

217 2314 233 2362 1
251 2307 341 2378 ipsam
359 2307 479 2362 buccam
498 2303 622 2375 perforet
639 2305 715 2374 qnod
727 2322 764 2376 p:
792 2306 854 2377 ipae
872 2305 961 2362 bocci
979 2305 1029 2377 ipa
1050 2307 1158 2370 buccoll

143 2378 224 2452 piore
243 2378 248 2452 l
268 2383 318 2448 rep
339 2380 390 2448 (oet
415 2383 469 2448 nup
487 2407 521 2417 -
546 2377 613 2431 tusc
634 2377 707 2431 enim
729 2379 761 2432 in
786 2379 883 2433 etune
900 2379 956 2445 sere
973 2379 1046 2434 elota
1065 2375 1158 2448 dispici

143 2453 374 2521 conposuerunt
405 2479 438 2490 -
469 2447 604 2517 rumpiti)
628 2446 718 2502 fortit’
753 2449 828 2518 quod
853 2465 875 2504 c.
1001 2447 1117 2505 tridone
1138 2463 1158 2511 e,

142 2531 257 2594 thie'det
270 2555 301 2609 p.
375 2536 556 2594 teorotione
575 2535 685 2590 difficili
703 2537 796 2605 (-crl'
815 2540 839 2608 e)
860 2553 899 2606 cp.
982 2536 1157 2608 3sepissime

145 2627 173 2665 c:
197 2609 324 2680 ceperim
348 2610 414 2681 (irie)
428 2626 464 2678 p,
490 2608 563 2678 qnod
585 2607 665 2674 iufra
682 2608 826 2663 cenidium.
935 2627 957 2664 s.
975 2608 1119 2680 putredini
1135 2624 1157 2676 g.

90 2729 96 2736 ,
144 2681 266 2736 curando
274 2698 323 2806 go
343 2752 353 2820 <
403 2679 598 2735 ediscantum
635 2677 759 2749 ,diacoi
777 2695 798 2734 o.
894 2679 1000 2734 sillud
1014 2697 1051 2750 p:
1070 2697 1119 2736 om.
1137 2695 1155 2732 c.

143 2752 210 2806 fimo
220 2769 255 2823 p:
353 2749 443 2820 fumo)
459 2766 481 2826 p.
555 2755 603 2804 tu
637 2765 733 2804 omnes
751 2751 845 2820 (omis)
859 2766 886 2805 c:
906 2765 956 2806 om.
967 2767 997 2821 p.
1072 2753 1158 2820 putre·

144 2821 239 2877 dinem
258 2823 287 2877 et
306 2837 398 2876 scaras
417 2835 441 2888 c,
458 2817 616 2890 putredinis
634 2819 735 2890 (-dis)
755 2824 785 2876 et
802 2837 912 2878 escures
927 2838 957 2892 p.
1032 2839 1083 2879 suo
1102 2822 1158 2876 loco

143 2895 163 2948 i.
182 2909 204 2949 c.
225 2898 269 2949 36.
344 2899 360 2947 9
379 2890 528 2947 medoncie
546 2908 572 2946 c:
591 2889 797 2948 medicamenta
813 2910 841 2962 p.
921 2899 954 2948 10
973 2893 1115 2948 Humidus
1130 2892 1158 2945 in

142 2981 161 3035 p
189 2965 272 3018 tnesis
300 2963 385 3020 unda
411 2964 596 3034 praeponitur
618 2963 741 3031 capituto
769 2965 842 3034 qnod
863 2979 975 3020 neonem
1004 2970 1079 3020 caret
1100 2965 1159 3034 post

144 3035 214 3105 (Ι-)
232 3034 285 3088 XII
303 3034 348 3088 Ad
367 3032 511 3104 stigmata.
545 3057 556 3078 s
596 3038 629 3087 10
648 3034 748 3089 tussim
767 3051 811 3104 cp:
835 3037 940 3090 tussem
957 3052 976 3106 p
995 3036 1030 3104 (et
1048 3035 1107 3091 ind.
1120 3034 1158 3103 p).

143 3105 313 3247 ituit?
318 3128 324 3160 ²
345 3103 710 3245 dil'llliit'l‘ipli
719 3122 771 3245 it>
825 3105 1158 3232 nffipfflppn.

143 3246 266 3314 edocit.
284 3247 315 3315 V,
326 3251 389 3304 550.
454 3245 668 3317 toraoip(-cis
677 3194 746 3317 φὶς
773 3191 1157 3319 'quemquodufflaorgffi
1212 3287 1213 3294 κ

143 3359 177 3409 17
195 3354 228 3437 ut
244 3371 273 3425 p:
294 3356 345 3410 ant
363 3371 386 3423 c,
405 3353 423 3408 i.
444 3355 512 3423 sip.
598 3318 766 3435 illuuiem.
840 3354 957 3410 excedet
975 3371 1000 3410 ce
1022 3353 1157 3423 -ditpp

143 3425 263 3480 efficitur
287 3428 319 3480 ut
341 3426 403 3495 (sio)
429 3424 570 3495 pulmonis
592 3442 624 3495 pe
646 3424 737 3480 rnlic1t
758 3425 922 3495 pulmonem
940 3443 968 3492 c,
990 3425 1112 3481 efficitur
1131 3423 1158 3476 in

142 3497 276 3566 pulmone
293 3515 320 3567 p.
405 3502 438 3553 18
457 3494 587 3567 ptisicum
604 3513 632 3567 p,
650 3493 781 3565 tipsicum
799 3514 821 3554 c.
896 3502 929 3552 ta
949 3499 978 3552 et
995 3496 1025 3554 in
1043 3497 1061 3552 'u
1080 3512 1103 3552 c.
