2452 4014
456 250 677 317 „93-

58 399 172 480 decim,
195 398 293 460 omnia
315 404 435 478 praeter
459 398 517 457 irin
536 395 679 478 illyricam
697 405 767 459 ante
789 395 913 460 biduum
934 400 1074 463 infundes

58 492 92 551 lu
115 505 192 569 aqua
214 494 245 548 ct
267 487 357 548 tertia
380 484 428 546 die
451 503 563 564 coques
585 503 683 566 neque
704 485 742 546 ad
764 488 882 550 tertiam
905 497 1021 568 partem
1043 498 1076 552 et

57 576 231 660 posthaec
258 573 294 636 ab
323 577 392 654 igne
419 573 514 636 tolles.
560 573 670 636 herbas
697 591 853 655 expressas
884 579 1013 657 proicies
1044 587 1076 640 ct

59 683 168 730 sucum
195 663 353 745 diligenter
380 662 507 743 liquabis
535 671 566 724 et
593 662 698 724 cuinde
725 665 853 744 accipies
881 668 1026 728 sextarios
1047 665 1075 727 ll

59 765 90 818 et
120 757 148 816 ei
176 753 320 832 adiunges
346 751 405 814 mel
432 759 464 813 et
489 769 611 832 passum
639 759 670 814 ct
697 751 778 814 lento
809 754 878 832 igne
906 772 1017 834 coques
1046 763 1102 816 eta
1215 783 1218 788 -

59 843 258 906 electuarium
297 841 388 902 iacies
423 842 456 902 in
492 839 716 902 similitudmem
752 840 848 902 mellis
885 842 1076 905 mediocriter

60 933 219 996 crassioris
249 938 280 992 et
306 938 379 992 tunc
412 928 499 990 tolles
532 928 568 990 ah
595 931 664 1008 igne
691 936 723 991 et
753 947 985 1012 superaspergcs
1017 934 1076 993 irin

59 1023 205 1104 illyricam
224 1025 380 1081 contusam
398 1026 429 1078 et
447 1018 621 1080 tenuissime
643 1026 756 1079 cretam
777 1027 809 1080 et
826 1019 958 1082 movebis
981 1021 1076 1084 donec

59 1109 217 1190 infrigidet
236 1117 266 1170 et
283 1123 412 1186 repones
434 1108 466 1166 in
484 1108 579 1167 vitreo
602 1123 671 1168 vasa
695 1114 725 1168 et
742 1106 849 1170 exinde
873 1107 1076 1172 laborantibus

60 1199 147 1261 dabis
169 1198 278 1259 ieiunis
301 1203 332 1257 ct
354 1194 391 1256 ad
413 1212 569 1274 vesperam
591 1195 735 1257 coclearia
758 1195 883 1276 singula.
1092 1213 1117 1251 ιο

153 1295 184 1348 et
209 1292 368 1366 postquam
396 1301 432 1344 cx
455 1285 551 1364 sputis
581 1282 799 1364 limpidioribus
828 1284 874 1346 vel
902 1294 984 1347 certe
1017 1304 1077 1348 non

61 1377 141 1440 male
163 1372 367 1436 redolentibus
386 1373 541 1452 agnoveris
559 1370 660 1434 ulcera
682 1372 776 1433 luisse
797 1381 938 1454 purgata,
960 1376 1077 1453 trigono

60 1466 193 1529 trecieco
221 1461 268 1523 vel
294 1460 351 1522 alio
382 1460 516 1540 quolibet
546 1459 711 1522 simillimae
743 1461 862 1522 virtutis
894 1463 925 1523 in
956 1464 1078 1542 potione

62 1555 134 1616 dato
157 1553 327 1614 cicatricem
344 1549 478 1611 induces.
516 1551 605 1611 etiam
623 1551 811 1612 extrinsecus
830 1550 1078 1613 medicamentum

63 1641 236 1725 cpuloticon
251 1655 391 1719 appones,
409 1637 501 1700 idest
519 1637 599 1718 qued
613 1637 707 1700 valeat
724 1639 755 1700 iu
770 1639 940 1701 cicatricem
958 1639 1078 1720 ducere,
1093 1651 1119 1693 1⁵

62 1741 97 1795 ut
117 1739 166 1792 est
186 1729 306 1791 linicine
329 1726 444 1789 duabus
463 1726 551 1788 dnus
573 1726 704 1789 inducta.
741 1743 831 1789 uuam
852 1730 884 1788 in
907 1735 1029 1808 pectere
1049 1740 1079 1790 et

62 1818 210 1882 lateribus
232 1824 263 1878 ct
285 1815 407 1878 alteram
426 1833 443 1876 a
465 1822 551 1895 tergo
573 1817 653 1877 inter
670 1814 821 1896 scapulas,
843 1823 987 1896 utsupra
1009 1816 1080 1898 dixi,

62 1925 197 1990 appones
220 1913 251 1967 et
272 1903 398 1967 sanabis.
415 1898 425 1987 ll

364 2063 437 2126 XLI.
473 2063 520 2124 dd
544 2061 788 2124 asthmaticos.
1081 2075 1170 2128 (pree)

157 2189 331 2251 dsthmatici
350 2187 490 2248 dicuntur
509 2186 600 2248 latino
615 2203 752 2247 sermone
771 2184 904 2247 anhelosi
917 2186 963 2247 vel
984 2190 1081 2268 suspi·
1095 2201 1122 2241 eo

140 2419 154 2469 1
175 2413 224 2470 iris
242 2411 345 2468 illirico
363 2413 444 2480 (-ca
457 2413 537 2481 corr.)
556 2429 606 2484 pp,
624 2371 712 2468 illisae
730 2429 753 2469 c.
825 2417 863 2470 eir
876 2413 963 2468 bidan
977 2427 1001 2478 c,
1019 2427 1082 2468 ana.

66 2483 552 2589 biduatercs.p⁰‚afib1d‘iin“p⁰.
637 2523 653 2571 a
710 2535 748 2574 ua
765 2533 811 2588 cp:
831 2535 932 2587 aquam
950 2532 977 2587 9.
1066 2523 1082 2571 3

66 2590 174 2664 proicis
197 2587 390 2672 pc,nproluicis
408 2603 438 2658 p.
467 2660 472 2673 Ι
547 2593 564 2642 4
583 2590 612 2644 el
634 2587 698 2672 exin
718 2606 733 2644 e
752 2587 872 2659 accipies
890 2606 919 2672 p:
946 2602 997 2642 ore.
1012 2602 1035 2655 p
1053 2587 1082 2656 (l.

67 2681 133 2718 cnm
153 2663 282 2716 saxlarus
300 2659 409 2716 duobus
427 2659 563 2744 edupnges
581 2677 619 2712 m.
637 2661 748 2743 saeuo)...
805 2731 811 2744 ⁸
836 2665 853 2716 t
872 2677 899 2716 aa
912 2676 947 2729 p:
971 2673 1022 2713 om.
1041 2673 1082 2726 cp.

68 2734 126 2789 mel
144 2747 258 2803 passum
274 2748 301 2801 9.
392 2731 498 2787 tfaous
514 2746 574 2801 pop.
664 2730 848 2786 mmdrlndme
866 2749 884 2802 9
903 2734 1013 2800 (unam
1032 2731 1084 2798 cp).

69 2811 84 2860 ‘l
104 2802 250 2859 enesionis
268 2818 315 2885 pc:
334 2802 421 2857 craesi
434 2818 465 2871 p.
537 2800 793 2883 i(y·p)risilliricam
811 2819 871 2874 pop.
954 2805 1084 2856 timores

69 2892 130 2948 pcp.
205 2871 380 2998 tmfiicpdet
396 2889 422 2955 p.
511 2873 541 2928 iu
559 2875 679 2928 mireum
696 2889 748 2928 vas
767 2891 789 2932 c.
881 2879 914 2929 10
932 2870 1085 2928 coclearios

70 2946 198 3016 singulos
216 2961 247 3014 9,
270 2959 302 2998 oo
331 2944 361 3000 'n
380 2943 505 3013 smgulos
524 2959 552 3011 c,
576 2944 666 3000 oocl'r.
685 2943 706 2998 1.
720 2960 751 3014 p.
848 2950 882 3000 14
899 2941 1007 2999 inducis
1024 2958 1084 3012 pop.

70 3023 104 3072 td
123 3015 237 3086 epulone
251 3014 370 3102 epicum
383 3030 443 3085 pop.
505 3014 783 3141 811ἱ106ίίιι1ιιοιιο9ιι9
800 3014 844 3141 pil
854 3015 981 3142 ὲωιὶιῖο
999 3029 1087 3082 supro

72 3087 538 3238 ff'mbpuafflasseffl
555 3102 712 3239 tortquddit
728 3105 806 3213 decla
819 3086 1087 3240 Ttem(ffiao⁹{}

73 3230 193 3314 eoeibpre
201 3243 256 3298 pro
270 3227 356 3310 Alpud
368 3231 417 3298 pp)
430 3227 492 3284 elac
505 3228 536 3298 tp
551 3227 738 3312 (olactpnum)
751 3230 778 3293 R
791 3243 850 3298 epu
868 3243 965 3310 orpprn
978 3225 1087 3306 palegu

72 3317 175 3371 acapm
197 3298 320 3354 marubu
342 3314 438 3354 semen
460 3298 570 3354 lactuca
594 3315 652 3353 sem
674 3300 765 3353 urtice
788 3300 884 3354 mente
901 3313 973 3352 saoce
997 3296 1087 3377 lumpu

74 3369 218 3442 (iuniperi)
243 3383 367 3424 saeorum
389 3369 475 3424 bnooe
493 3369 567 3426 lauri
590 3368 695 3439 piperis
714 3369 828 3424 seminis
846 3371 909 3424 rute
927 3370 957 3423 el
974 3366 1039 3422 fabe
1057 3384 1087 3420 m

74 3443 138 3498 oleo
156 3441 242 3513 iuigte
260 3445 298 3496 a1‘1
318 3438 382 3509 7,·1.
468 3445 507 3495 19.
520 3440 565 3496 Ad
584 3439 733 3496 osmaticos
746 3457 781 3509 99
797 3440 865 3509 (ind.
880 3440 924 3508 p),
942 3439 1087 3494 Demma

75 3513 138 3569 licis
153 3529 184 3582 p.
257 3517 292 3568 20
310 3511 446 3567 Asmalici
463 3527 521 3582 pop.
595 3510 735 3566 aellosi‘n.
