2452 4014
449 228 665 294 ..79-

65 391 212 454 granorum
235 375 418 436 minutorum
440 373 578 456 siliginis,
602 376 727 436 maxime
747 375 773 434 si
790 382 822 435 et
840 384 929 456 caput
946 375 1062 457 linguae

65 462 223 525 obtinuerit.

141 554 172 612 in
195 549 398 614 minationibus
420 569 491 612 vero
515 553 540 612 si
562 551 683 632 grandis
706 551 797 613 luerit
819 560 854 614 ut
876 570 967 633 supra
989 554 1063 615 dixi·

63 659 121 702 mus
142 641 271 702 launum
297 639 440 701 ulceratio
469 657 538 702 cunr
565 657 663 721 scara,
689 648 724 701 ut
746 643 835 702 etiam
858 659 927 703 cunr
952 641 1063 704 rubore

63 728 111 792 sub
132 737 231 791 mento
259 731 291 790 in
319 730 451 808 gutturis
473 736 558 808 parte
580 729 767 810 ostendatur,
791 748 880 810 quam
902 738 1090 792 entereoneo

62 825 169 899 vocant,
202 825 233 879 et
263 819 289 878 si
320 817 412 878 luerit
442 819 469 878 is
501 819 553 896 qui
590 817 743 880 curabitur
774 827 870 880 aetate
901 819 1064 901 perlectus,

62 906 249 968 llebotomiam
263 905 403 968 adbibere
424 914 543 986 oportet
560 908 601 969 ita
619 914 653 968 ut
670 906 832 969 secundam
848 908 1063 970 detractionem

62 995 154 1076 iacias,
176 1013 265 1074 quam
283 995 450 1074 epaleresin
472 1002 587 1056 vocant
624 1003 656 1056 et
677 998 703 1056 si
720 1004 855 1058 ventrem
874 1015 935 1058 non
958 997 1065 1058 iecerit

62 1085 158 1146 acriori
178 1084 304 1163 clystere
324 1082 517 1146 deducendus
536 1085 606 1166 orit,
629 1086 661 1145 in
684 1084 847 1146 infantibus
865 1103 936 1146 vero
958 1085 1062 1146 balano

62 1175 154 1235 uteris.
199 1171 308 1234 dehinc
340 1174 413 1252 ipsis
444 1173 519 1234 locis
551 1172 732 1252 petientibus
763 1174 811 1234 dia
839 1173 944 1236 obortu
971 1174 1063 1236 medi·
1078 1191 1104 1232 oo

62 1269 217 1323 cementum
242 1259 370 1322 admixto
393 1260 509 1322 modico
533 1261 620 1324 melle
644 1261 760 1323 inlines.
797 1269 827 1322 et
849 1263 1007 1325 sinendum
1029 1271 1065 1325 ut

62 1348 111 1410 sibi
132 1349 272 1413 saniando
290 1367 392 1410 scarae
411 1348 531 1427 cadant,
554 1367 593 1410 no
611 1349 809 1412 abstractione
828 1350 950 1412 violenti
968 1369 1063 1412 emea-

62 1446 103 1498 tus
123 1438 299 1500 emorroidis
322 1445 472 1518 sequetur.

139 1528 192 1590 alia
216 1527 364 1588 confectio
387 1526 490 1601 caelis,
513 1543 603 1606 quam
622 1526 727 1588 Graeci
750 1530 926 1589 stomaticen
949 1535 1064 1610 uocant,

61 1614 161 1678 iaciens
188 1615 226 1677 ad
254 1615 429 1695 putredines
457 1623 487 1677 ot
515 1633 622 1678 scaras.
664 1619 804 1678 caninum
831 1618 934 1679 limum
965 1617 1065 1678 albuna
1078 1632 1105 1675 ιε

62 1703 172 1784 colliges
199 1712 231 1766 et
258 1703 391 1766 siccabis.
433 1704 467 1764 tit
496 1711 595 1765 autem
622 1705 693 1783 boo,
722 1708 748 1767 si
774 1723 841 1768 ossa
869 1705 979 1768 bubula
1002 1705 1064 1767 sola

61 1800 119 1854 ante
137 1794 215 1856 diem
235 1792 281 1854 vel
298 1791 423 1855 biduum
437 1809 526 1854 canes
546 1792 758 1855 manducantes
775 1794 933 1856 custodias.
965 1795 1064 1873 ipsum

123 2057 134 2106 1
153 2068 306 2123 granorum
319 2051 490 2106 minutorum
504 2066 530 2107 c:
549 2050 729 2120 grandiorum
742 2050 924 2108 minutiarum
937 2069 964 2123 9,
983 2067 1065 2122 gran·

61 2119 129 2177 dium
146 2125 247 2193 (Peto.)
265 2121 438 2176 minutarum
451 2139 482 2191 p.
555 2121 670 2192 filiginis
689 2123 749 2192 (εἰε)
766 2139 793 2194 a.
860 2130 926 2194 post
943 2123 1064 2194 siliginis

61 2193 117 2248 odd.
131 2211 166 2264 p:
185 2195 261 2264 quod
279 2196 438 2264 germetnm
457 2193 508 2262 (εἰε
526 2198 590 2248 onte
608 2209 677 2249 corr.
694 2193 863 2264 gremiatnm
872 2199 919 2266 ρο)
938 2195 1064 2250 dicimus

61 2263 172 2321 tinerit
190 2295 225 2306 -
244 2264 364 2320 diximus
381 2280 432 2319 oro.
447 2280 478 2334 p.
568 2263 741 2322 incendo
758 2263 918 2322 nichamet
935 2266 1022 2322 etiam
1041 2283 1065 2323 o.

62 2349 80 2387 r.
91 2352 118 2392 a.
206 2353 231 2392 c.
249 2354 271 2392 r.
291 2335 341 2390 snb
360 2337 486 2392 mentem
505 2334 566 2405 (aie)
583 2334 705 2404 gutturis
726 2337 822 2406 partes
838 2337 969 2393 ostendet
986 2353 1016 2407 9,
1041 2353 1065 2392 c.

59 2420 78 2458 r.
92 2407 141 2464 snb
156 2409 282 2464 mentuali
301 2407 384 2476 (miii)
397 2405 429 2462 in
442 2404 565 2476 gutturis
578 2408 673 2476 pertas
691 2406 854 2462 ostendatur
867 2424 890 2476 e,
908 2410 951 2475 (ut
969 2409 1066 2476 etiam)

59 2477 181 2536 ruborem
205 2479 258 2534 snb
281 2480 376 2535 mento
398 2478 429 2532 in
453 2495 480 2548 g.
498 2479 594 2547 partes
613 2477 744 2534 ostendat
756 2494 788 2547 p.
896 2483 1018 2546 tiquam
1035 2495 1066 2547 ys

60 2562 122 2614 quas
140 2566 180 2620 cp.
273 2549 380 2620 disy:
399 2547 443 2603 his
462 2564 504 2618 cp.
590 2547 782 2618 sepefanesin
799 2564 830 2619 a,
853 2549 1025 2619 opotoraaim
1043 2565 1066 2617 c,

58 2618 207 2704 {potensin
220 2655 251 2708 p.
338 2643 354 2692 9
373 2635 474 2692 acriori
493 2636 554 2705 (eie)
567 2651 627 2708 cop.
699 2636 804 2692 belone
821 2637 883 2707 (aie)
900 2653 928 2708 9,
948 2653 1018 2691 -no
1038 2653 1065 2692 c:

59 2705 150 2764 balneo
168 2725 196 2778 p.
270 2709 317 2765 dia
336 2710 445 2764 eertum
462 2723 489 2780 a,
508 2708 574 2762 —to
588 2724 620 2790 p,
638 2707 793 2763 dicatarum
813 2723 834 2763 c.
910 2713 942 2762 11
960 2705 1066 2762 eminio

61 2778 199 2845 otomixto
208 2782 252 2850 p),
272 2779 345 2836 adm.
361 2796 383 2835 e.
455 2777 507 2847 in(l
521 2777 644 2848 9⁰e)lmia
657 2781 706 2849 ap(
721 2780 740 2848 ).
816 2785 848 2834 12
863 2779 998 2834 seniendo
1016 2793 1065 2850 yps

63 2851 178 2906 sanando
198 2869 220 2906 o.
304 2847 477 2932 obtractione
495 2849 630 2924 violentie
648 2851 748 2934 metus.
786 2851 989 2936 ememorroide
1007 2852 1066 2920 (aie,

60 2923 235 3049 tatto?
244 2920 1067 3076 offmbiiffiadbitntlbi'iiiideiit'lidil‘t?

62 3065 91 3114 ta
109 3065 259 3132 sequantur
277 3081 299 3120 e.
374 3069 408 3119 14
426 3077 511 3131 quam
529 3064 606 3145 greci
624 3079 707 3135 οπερ
725 3065 813 3134 (μοι
830 3079 881 3119 orm
894 3066 938 3135 p).
1010 3064 1067 3117 eto·

61 3133 177 3190 matinen
202 3138 281 3203 (-ce
300 3135 333 3204 p)
356 3151 406 3205 op,
434 3134 600 3189 stomataohe
624 3150 645 3190 e.
681 3136 747 3190 boec
774 3134 877 3190 Menoe
898 3135 987 3204 primi
1010 3134 1068 3200 feeit

58 3216 102 3259 see.
121 3205 183 3261 Gal.
205 3207 290 3272 XII,
308 3210 372 3262 955.
391 3209 456 3260 956.
547 3211 581 3260 16
600 3204 716 3275 colligas
734 3222 761 3261 e:
780 3205 859 3275 -gie
876 3221 921 3276 yp.
1012 3205 1067 3260 bne

59 3287 102 3341 (με
124 3277 217 3334 hece.
308 3276 414 3332 bubula
431 3291 459 3345 c,
483 3275 546 3330 -le
563 3293 593 3346 εἰ
616 3275 753 3332 bubulinn
772 3293 804 3346 p.
895 3277 1065 3332 tiente-

61 3347 196 3402 eustodias
218 3365 236 3418 ⁹
259 3353 284 3404 et
301 3348 361 3416 tubi
383 3347 490 3415 onmes)
509 3362 535 3403 c:
562 3348 628 3402 ente
646 3347 721 3404 diem
739 3345 868 3403 comedet
887 3346 1008 3418 t-denit
1020 3347 1066 3416 1²⁰)

60 3417 86 3469 et
102 3418 257 3474 custoditus
276 3417 362 3474 boarit
376 3435 407 3488 p.
