2510 4020
562 230 783 295 „32-

257 379 403 440 confectio
418 376 532 456 collyrii
546 377 705 456 syringiaci
719 373 880 454 ectylotici:
902 372 1068 435 chalcanthi
1082 382 1191 452 partes

168 468 254 549 duas,
282 475 382 546 guttae
406 467 581 528 ammoniaci
608 472 724 543 partem
751 480 840 525 unam
866 479 934 523 cum
958 471 1042 523 aceto
1066 463 1191 524 modico

168 555 256 618 simul
293 563 373 618 teres
410 563 441 616 et
481 555 572 615 facies
609 552 742 633 collyria,
782 549 967 629 longitudine
1004 568 1037 612 ac
1073 550 1191 612 robore

168 645 352 707 differentiae
375 651 410 705 ut
433 651 480 704 est
501 645 564 722 ipsa
588 641 755 702 fistularum
778 657 912 700 caverna.

134 745 154 794 ,⁶
257 733 336 795 alind
359 732 395 792 ad
414 733 568 793 universas
591 729 705 790 fistulas
725 729 928 790 brevissimas:
952 729 1026 790 corii
1045 737 1191 808 granatae

59 853 83 892 ρ.
98 834 138 876 201
169 825 268 893 siccae,
289 830 394 883 tunsae
418 828 448 881 et
470 827 570 881 cretae
594 817 664 899 21,
687 816 844 880 lenticulae
866 813 1098 897 lalexandrinae
1122 819 1191 898 pol·

168 910 237 973 linis
261 914 286 966 λ
309 910 330 970 l.
354 911 455 970 mittes
482 911 514 968 in
537 907 634 969 fistula
658 925 694 968 ex
721 906 844 986 pulvere
872 915 1010 986 granatae
1035 906 1193 968 modicum

169 1007 199 1060 et
231 1016 265 1060 ex
299 997 409 1078 polline
441 996 608 1059 lenticulae.
654 996 710 1056 hoc
743 996 834 1056 iacies
866 993 972 1056 diebus
1004 994 1101 1056 trihus
1135 1005 1193 1056 aut

168 1089 309 1167 quinque.
351 1085 473 1147 cottidie
507 1083 625 1146 curabis
653 1092 700 1147 ter
728 1086 759 1144 in
787 1083 848 1158 die,
880 1083 954 1144 hora
981 1086 1083 1164 tertia,
1111 1083 1192 1145 hora

129 1188 154 1228 10
169 1184 252 1237 sexta
274 1183 305 1237 et
327 1193 413 1237 noua.
473 1213 478 1220 ·

258 1263 337 1325 aliud
360 1263 397 1325 ad
421 1264 574 1324 universas
597 1262 712 1324 fistulas
730 1262 776 1322 vel
799 1268 867 1323 ante
887 1261 1007 1324 oculum
1027 1261 1192 1341 aegilopas.

168 1352 291 1415 herbam
310 1351 442 1433 putidam
462 1369 550 1432 quam
568 1353 677 1432 punice
697 1349 810 1412 aturbis
829 1349 942 1430 dicunt,
963 1358 994 1412 et
1011 1350 1056 1412 lac
1074 1349 1191 1412 herbae

170 1441 315 1521 tithymali
338 1448 368 1502 et
395 1441 440 1501 lac
464 1441 595 1520 caprifici
618 1447 648 1500 et
674 1441 786 1519 piperis
814 1455 905 1517 grana
928 1437 991 1520 XV,
1019 1457 1126 1500 sucum
1150 1439 1192 1501 de

169 1530 248 1610 laun,
271 1528 412 1590 lenticula
435 1529 523 1609 dura,
544 1528 618 1589 hacc
640 1530 739 1588 omnia
761 1527 870 1588 tundes
892 1529 924 1589 in
948 1546 980 1590 sc
1006 1535 1036 1589 et
1055 1545 1192 1608 appones

130 1629 156 1671 15
171 1617 206 1678 ad
236 1617 335 1678 locum
359 1619 475 1678 cautius
499 1634 536 1677 ne
559 1615 680 1677 oculum
703 1617 867 1696 contingat,
894 1623 1018 1697 propter
1045 1618 1191 1678 virtutem

171 1724 259 1786 quam
283 1706 416 1767 continet
439 1706 608 1766 causticam.

472 1862 548 1925 XXI.
584 1863 633 1924 Ad
657 1873 882 1945 empyemata.

258 1988 449 2068 Empyemata
490 1989 632 2049 dicuntur
673 1986 864 2050 collectiones
907 1990 969 2050 sive
1006 1995 1192 2069 apostemata

170 2076 285 2138 occulta
313 2084 401 2156 atque
430 2079 495 2138 visu
524 2078 655 2136 carentia
684 2075 731 2136 vel
754 2076 897 2138 absconsa
920 2086 951 2139 et
976 2079 1008 2138 in
1032 2076 1192 2139 altioribus

131 2179 157 2220 ao
170 2167 320 2227 viscerum
341 2163 477 2244 partibus
500 2172 580 2225 nata:
603 2182 672 2224 nam
690 2163 795 2227 Gracci
815 2183 852 2226 en
873 2166 1049 2247 catacalypsi
1071 2175 1192 2228 vocant.

243 2342 258 2390 1
277 2333 422 2406 siringiaci
436 2379 443 2393 .
458 2334 601 2405 ectilogici
618 2352 648 2405 9,
672 2335 778 2407 siricgi.
812 2336 834 2389 h'
853 2335 963 2406 iilogici
976 2353 1012 2408 p,
1032 2333 1192 2407 sirmigiaei

171 2405 317 2476 zsilogici
335 2423 357 2463 c.
439 2406 561 2462 calcanti
597 2424 637 2490 cp.
723 2409 818 2477 partes
837 2407 906 2490 duas
924 2424 969 2478 qe:
988 2410 1068 2479 parte
1087 2407 1142 2464 due
1157 2427 1191 2479 p.

170 2493 236 2547 pars
255 2477 268 2530 I
288 2481 355 2547 (uns
368 2479 402 2548 p)
421 2495 462 2547 cp.
536 2423 719 2547 35018901).
800 2477 992 2553 tdrfferentip
1012 2480 1053 2548 (id
1070 2483 1108 2534 cst
1127 2479 1191 2536 eius

171 2548 210 2619 d.)
227 2565 258 2619 με
277 2548 435 2605 differentia
453 2565 494 2619 cp.
603 2550 646 2604 est
662 2549 726 2619 ipsa
743 2566 774 2619 με
799 2551 864 2604 suni
882 2549 943 2619 ipse
962 2567 989 2620 e,
1007 2550 1067 2620 ipse
1086 2549 1144 2606 sint
1157 2569 1192 2621 p.

171 2636 291 2676 caverna
308 2638 338 2690 9:
358 2637 428 2676 -ne
447 2637 488 2690 cp.
598 2618 966 2690 ocoriumopa),Ooztc.
1039 2621 1192 2692 6.i.I.p:

171 2691 465 2761 .3.1.c,.3.1.p.
507 2769 520 2776 -
537 2690 652 2761 pollinis
671 2707 716 2760 cp:
736 2690 867 2760 apollinis
887 2693 990 2762 (stop.
1063 2693 1193 2776 'inmittis

170 2778 240 2887 ἔξω
253 2848 298 2901 pp.
310 2760 596 2913 fistuprisz-piepfis
615 2763 685 2902 cp&j
703 2778 758 2887 exit
768 2765 952 2889 epoppteercffip.
969 2763 1194 2892 sexlifgglgzrrea

171 2919 198 2969 c,
222 2902 292 2957 hore
310 2904 399 2958 terem
416 2903 486 2958 hora
504 2905 583 2958 sexta
600 2904 670 2958 hora
688 2919 762 2958 nona
775 2921 806 2974 p.
918 2911 950 2959 11
975 2905 1101 2976 egilopas
1130 2911 1192 2976 (cp)

171 2990 221 3030 ont.
239 2990 264 3043 9.
358 2979 390 3027 12
408 2972 497 3029 herba
515 2973 581 3043 (hei
594 2976 618 3043 c)
637 2972 737 3044 putida
754 2990 814 3045 pap.
911 2981 943 3030 12
962 2975 1081 3045 punicea
1099 2977 1193 3044 turbas

172 3062 234 3130 (sic)
253 3077 283 3131 y,
309 3060 411 3131 punice
436 3051 510 3118 at'bn
537 3079 563 3129 c,
588 3061 789 3134 puniceaurprs
810 3081 842 3134 p.
952 3071 983 3120 13
1007 3065 1124 3122 iitimali
1147 3083 1194 3138 pc,

172 3132 289 3188 -mulli
302 3150 333 3202 p.
407 3133 442 3188 de
459 3134 526 3188 lanc
542 3132 678 3189 lenticula
696 3134 766 3190 dura
785 3137 849 3203 (sic)
868 3151 926 3206 pap.
1042 3137 1194 3194 utendis

171 3220 214 3286 pc,
232 3203 302 3258 —de
316 3219 347 3286 p.
439 3207 468 3260 ei
486 3223 513 3261 e:
535 3205 582 3260 vel
619 3221 684 3288 p..
726 3206 857 3287 ‘apponis
879 3223 939 3276 pop.
1032 3214 1064 3263 17
1084 3210 1126 3263 tit.
1145 3199 1195 3264 Ad

171 3275 269 3400 {mmm
287 3276 438 3400 clppemcta
454 3292 495 3345 pc,
513 3276 556 3331 De
575 3221 787 3359 opileeuomb'us
800 3294 840 3361 p..
925 3284 957 3334 18
977 3278 1147 3363 impiematc
1164 3297 1193 3350 p,

173 3362 344 3501 effi,
370 3363 501 3502 ‘ianam
518 3353 553 3489 23
571 3349 855 3490 stimulant?
871 3349 1195 3492 lttttttaitttn

171 3502 216 3560 up,
236 3487 410 3558 encaahpsrn
429 3492 492 3558 (cac)
512 3506 527 3546 c
546 3491 600 3560 (est
617 3505 703 3559 -pro
718 3505 752 3544 en
772 3516 806 3536 ==
825 3495 840 3546 ὅ
860 3490 1054 3562 -eatelipsim
1073 3491 1196 3565 Simon).
