2452 4014
552 257 794 322 —150-

163 403 252 464 mcdo
289 401 476 484 temperabis.
532 411 562 464 et
599 405 625 463 si
656 410 762 464 venter
798 419 858 462 nou
895 400 1015 481 lecerit,
1048 402 1156 482 clystere

164 491 357 553 deducendus
384 493 443 552 erit
470 509 506 552 er
538 490 711 553 decoctione
746 489 879 552 canobo
907 496 960 550 aot
991 489 1078 552 botae
1103 511 1157 553 aaa

164 580 229 641 oleo
253 589 284 642 et
305 581 459 642 alrouitro·
474 588 510 652 etv
527 579 612 641 melle
635 579 761 641 ambico.

253 669 328 730 alius
364 669 476 750 clyster
512 669 692 749 lcripyretos
731 670 913 732 couveniens
949 671 1074 730 marim
1103 679 1156 749 pest

81 833 84 840 ι
137 758 380 839 adcpositiouem
403 759 524 819 renuis
561 775 666 818 sucum
689 760 823 837 ptisamc
840 766 875 818 ct
895 757 948 817 lini
969 759 1102 840 seminis,
1120 761 1156 818 ari

162 847 249 909 crudi
269 847 407 930 medium,
426 847 484 908 olel
498 848 613 907 rosacei
630 853 662 906 ct
678 845 903 908 clramaemcliui
915 845 998 925 quael
1015 848 1156 908 suffecerit

162 934 325 1015 posthaec
348 935 471 996 bumielo
495 944 524 996 et
547 934 654 1014 frigido
679 934 745 996 cibo
770 935 901 1015 reficies,
926 934 957 995 iri
979 944 1026 997 est
1049 935 1157 998 lactuci-

162 1042 229 1084 rum
259 1028 420 1085 murturlas
448 1023 570 1085 elixatos
598 1033 628 1085 el
664 1023 786 1103 frigidas
814 1040 883 1084 cum
911 1022 1028 1084 modico
1057 1024 1112 1086 sale
1136 1035 1159 1085 ei

163 1114 324 1173 cisternina
348 1131 422 1192 aqua
447 1121 477 1174 et
499 1113 565 1173 oleo
588 1129 680 1192 spano
704 1119 734 1173 ct
757 1117 841 1174 aceto
863 1113 895 1171 in
919 1110 986 1171 cibo
1010 1112 1100 1194 dabis,
1120 1123 1159 1174 aut

122 1214 149 1254 1⁰
162 1200 349 1262 cucurbitam
366 1203 490 1264 incisaro
509 1219 578 1263 cum
596 1217 651 1264 suc
671 1203 753 1262 corio
772 1201 909 1264 elizatam
927 1200 1064 1262 similiter
1080 1201 1160 1282 dabis,

162 1291 189 1351 si
217 1297 315 1352 tamen
343 1292 432 1352 nimia
461 1291 552 1352 luerit
580 1292 653 1352 sitis.
696 1291 820 1352 sivero
842 1291 908 1350 silis
931 1291 1054 1352 minime
1076 1291 1159 1368 luerit,
1215 1259 1217 1340 l

161 1397 222 1440 uon
245 1379 360 1458 frigidis
383 1380 436 1442 sed
459 1378 588 1442 mimicis
611 1386 726 1440 mutum
745 1377 821 1440 cibis
843 1380 972 1458 nutries,
995 1378 1026 1440 id
1042 1387 1091 1442 est
1107 1397 1160 1440 scra
1216 1409 1217 1456 r

161 1467 270 1532 bilibus
293 1468 386 1530 merlta
409 1486 485 1547 aqua
508 1467 624 1545 miuus,
651 1475 683 1530 ut
706 1477 779 1530 sunt
798 1467 945 1547 ptismac,
968 1484 1023 1528 ora
1046 1467 1158 1546 sorbilia,
1216 1459 1217 1528 l

162 1558 254 1617 micae
278 1559 363 1636 panis
386 1555 543 1636 diligenter
562 1555 657 1616 elusae
677 1565 707 1617 ct
726 1563 825 1618 cetera
841 1573 925 1634 'quaa
949 1557 979 1616 ic
1002 1555 1157 1621 sorbitioni·
1216 1547 1217 1568 ¹

121 1657 147 1696 1⁵
161 1643 218 1706 bus
241 1644 377 1706 similiter
400 1647 596 1724 accipiuntur.

250 1732 367 1796 alimma
384 1733 569 1814 lexipyreton
588 1733 618 1794 id
640 1741 686 1794 est
708 1735 865 1812 perunctio
885 1732 922 1796 ad
940 1733 1041 1794 febres
1055 1734 1157 1794 aestatis

160 1829 307 1902 tempere,
335 1825 362 1884 si
388 1839 477 1902 aeger
504 1823 596 1883 nimio
624 1820 753 1884 febrium
780 1829 865 1884 aestu
895 1820 1003 1886 bullire
1033 1821 1159 1901 coeperit,

160 1918 191 1972 et
213 1914 306 1991 magis
329 1914 361 1974 ira
384 1918 478 1974 aetate
503 1911 638 1972 lcrreuti.
675 1909 861 1974 cucurbitam
884 1909 1009 1972 viridem
1032 1910 1115 1972 rades
1132 1916 1156 1970 et

160 2002 226 2061 eius
253 2003 397 2062 corticem
425 2001 576 2080 exprimes
605 2008 636 2060 et
663 1998 806 2079 adiungas
835 2017 941 2063 sucum
968 2017 1042 2060 urae
1072 2002 1158 2060 imma·
1215 2041 1216 2076 r

120 2101 147 2141 2⁰
160 2096 245 2150 turae
277 2099 308 2149 et
339 2097 456 2150 acetum
488 2087 637 2150 excellens
670 2095 700 2148 el
730 2087 830 2149 oleum
866 2091 1022 2150 rosaceum
1059 2085 1159 2167 aequtli

232 2330 364 2385 luenter
382 2345 439 2383 non
456 2327 555 2384 iecerit
568 2347 604 2398 οε
623 2330 750 2385 venirem
767 2345 825 2384 non
842 2329 960 2385 fecerint
974 2347 996 2386 c.
1068 2328 1161 2385 elisieri
1215 2329 1216 2396 l

160 2402 203 2471 (ut
219 2403 317 2470 supra)
335 2417 358 2455 c.
449 2399 570 2455 4Aliud
590 2417 616 2469 c,
638 2400 695 2454 alir'r
711 2417 741 2470 p.
832 2400 944 2456 elistere
967 2400 1126 2472 lixoperilus
1142 2415 1161 2462 c,
1215 2399 1216 2441 l

159 2469 250 2527 clisle'
267 2472 384 2542 (-bere)
403 2472 542 2544 lerprblp
566 2472 625 2540 (obi
647 2471 800 2554 Imperitos
822 2472 873 2528 del.
893 2473 947 2543 ρο).
1042 2479 1162 2527 brocam

160 2544 232 2614 (-c)
241 2561 277 2614 p:
296 2541 385 2598 Saeua
404 2560 426 2598 c.
452 2547 456 2557 ’
499 2541 610 2614 ptisana
622 2559 658 2612 p:
680 2543 793 2610 trpsaoe
812 2559 833 2598 c.
906 2549 922 2598 6
938 2541 1125 2598 comcmellini
1137 2557 1163 2610 r,

159 2613 275 2670 calnclli
293 2615 355 2685 (eie)
374 2629 397 2670 c.
488 2612 570 2670 suffra
587 2629 613 2682 c,
633 2609 730 2670 suffici
746 2612 876 2683 (-cilur)
891 2631 922 2683 p.
1015 2620 1030 2669 7
1051 2613 1111 2669 cibe
1127 2628 1163 2666 re·

158 2685 234 2741 ficies
254 2701 280 2741 c:
300 2686 362 2741 cibo
381 2689 411 2740 ab
428 2683 532 2755 frigido
549 2684 632 2754 potui
649 2684 724 2740 refici
738 2699 769 2756 p.
853 2685 978 2740 lactucas
997 2699 1104 2740 mames
1121 2683 1164 2738 eli·

158 2778 239 2830 xatas
258 2792 285 2844 c,
303 2775 477 2830 lactucarum
496 2769 656 2830 mffburirics
675 2773 738 2843 (de,
761 2773 793 2828 tu
811 2790 897 2845 maru.
912 2779 949 2846 ρο
966 2779 978 2830 i
998 2770 1016 2830 i
1035 2753 1164 2830 muburiu

159 2850 320 2936 {luctato
343 2863 390 2933 (ef.
411 2862 533 2918 Pbe'lum.
556 2879 601 2931 cp.
623 2863 685 2918 Aet.
706 2869 734 2928 b,
755 2867 788 2918 78
813 2866 930 2926 καυλοῖς
948 2858 1099 2932 irrideor
1118 2859 1165 2917 aa·

160 2933 319 3004 εζοομένοις
337 2927 400 3003 μετ’
420 2927 578 3000 ὄξοκοάιοο
596 2928 741 3004 bonuaria).
826 2939 950 3004 boponc
966 2949 1009 3004 cp.
1093 2941 1124 2990 tc
1141 2935 1166 2987 el

159 3005 287 3075 (elix.)e.
378 3003 830 3076 lisabr‘rsin.c,sitfin.p.
903 3003 1165 3076 mimenilfueril

157 3093 215 3132 non
233 3076 266 3134 fr.
285 3092 312 3144 c,
335 3075 451 3132 minime
469 3075 591 3150 lueribrja
613 3092 670 3131 non
693 3075 763 3146 inp
789 3078 864 3146 (feet.
882 3091 934 3131 scr.
953 3073 1070 3134 minima
1088 3074 1166 3132 fucrit

158 3151 227 3204 nola
244 3164 301 3204 nora
317 3146 373 3216 in).
446 3153 479 3202 tl
497 3148 621 3202 mutum:
639 3150 681 3202 tr‘n
700 3148 949 3218 c,br'r(iamen)1t.
1022 3147 1112 3206 nubtis
1128 3162 1164 3215 φ-

161 3225 193 3274 13
212 3220 245 3274 ut
262 3219 339 3274 sunt:
357 3217 376 3272 i.
396 3218 436 3286 (ἰὰ
453 3219 508 3288 esi)
527 3234 567 3288 cp.
640 3217 743 3288 ptisine
756 3236 788 3289 μ,
805 3219 917 3290 tipcane
934 3235 957 3274 c.
1032 3226 1066 3274 14
1084 3218 1165 3274 mices

158 3308 181 3358 c,
200 3289 298 3347 micus
313 3305 344 3359 p.
417 3290 508 3345 elules
526 3305 569 3358 cp.
643 3294 675 3344 lt
697 3289 840 3360 accipiunt
857 3305 879 3344 c.
953 3295 986 3344 16
1006 3289 1131 3348 Alimiraa
1145 3303 1164 3348 c.
1213 3291 1214 3357 l

159 3360 242 3434 Allia
260 3378 302 3448 (ig
315 3379 361 3448 ff)
376 3393 407 3447 p.
489 3376 657 3447 lexiperiion
675 3394 717 3446 cp.
807 3377 898 3433 lebret
916 3393 943 3445 c,
962 3375 1017 3433 leb·
1032 3395 1063 3448 μ
1134 3381 1163 3430 ts

157 3449 249 3531 magia
263 3466 299 3518 p:
317 3449 440 3505 maxime
458 3465 481 3504 c.
559 3446 686 3503 fomente
704 3464 726 3503 c.
799 3447 874 3503 redis
887 3465 923 3518 p,
941 3449 1022 3505 radix
1041 3465 1062 3505 c.
1134 3451 1163 3500 19

159 3520 291 3590 exprimis
309 3535 350 3590 ep.
423 3517 553 3588 adiungis
566 3533 603 3587 p,
620 3518 764 3590 adungoea
782 3535 805 3576 c.
