2510 4020
553 239 772 306 -55...

157 391 183 451 si
206 390 283 450 torte
311 386 422 468 aliquid
451 387 563 449 laesum
587 389 658 469 erit,
685 389 716 447 in
740 386 910 447 cicatricem
933 385 1039 468 duces,
1064 394 1098 447 et
1120 389 1173 447 mi·

156 477 270 540 raberis
293 477 350 537 hoo
372 478 459 538 iacto.

246 565 402 646 collyrium
420 566 468 627 dia
486 565 604 627 leucoiu
617 564 812 646 appellatum,
829 563 860 624 id
879 572 927 625 est
943 563 980 625 de
999 564 1084 646 viola,
1103 581 1172 625 con·

156 655 285 717 sectione
304 653 442 728 facillima
461 654 532 716 iacit
549 653 585 714 ad
604 652 720 715 albores
740 659 770 714 et
788 654 943 714 cicatrices
962 653 1171 714 extenuandas.

129 746 263 825 oreoipit
296 743 388 804 violae
421 742 556 804 hortinas
589 742 696 803 dorum
728 741 880 824 viridium,
912 743 1023 803 cummi
1050 741 1112 803 albi
1138 739 1173 802 di

156 839 291 912 octonas,
311 828 492 892 ammoniaci
506 830 543 891 d‘r‘
560 831 623 891 llll.
660 837 741 891 teres
761 832 884 911 cummi,
907 837 939 892 ct
956 832 1172 892 ammoniacum

155 939 227 1001 prae
247 918 384 981 manibus
403 919 535 1002 habebis,
557 929 630 981 turm
648 918 737 980 liores
756 917 866 980 virides
884 918 1024 999 pensabis
1042 925 1073 980 et
1092 928 1171 980 teres

156 1009 329 1090 diligenter,
355 1016 386 1070 et
413 1011 605 1089 supermittes
633 1007 817 1088 supradictas
846 1011 975 1089 species,
1002 1017 1033 1069 ct
1061 1010 1171 1069 iterum

156 1098 244 1160 simul
268 1106 349 1160 teres
367 1105 402 1159 ut
421 1097 477 1161 sibi
500 1097 577 1158 benc
601 1105 784 1178 counentnr,
808 1105 839 1156 et
860 1096 951 1158 iacies
975 1096 1106 1176 collyria.
1141 1100 1170 1157 in

116 1203 142 1243 10
156 1204 213 1248 usn
233 1195 332 1248 autem
355 1185 392 1246 ad
412 1189 543 1247 minores
562 1187 717 1247 cicatrices
735 1185 865 1246 admixto
886 1184 996 1247 libiano
1014 1188 1170 1264 inungues.

245 1274 400 1356 collyrium
428 1275 476 1336 dia
504 1283 620 1336 ceratos
652 1274 739 1335 elatiu
772 1271 963 1356 appellatum,
980 1273 1025 1334 ¹id
1058 1283 1114 1334 est.
1136 1273 1170 1333 dc

156 1381 250 1426 cornu
274 1364 409 1446 cervino,
438 1363 473 1424 ad
497 1363 613 1425 albores
638 1373 668 1424 et
695 1365 850 1426 cicatrices
878 1361 1089 1424 extenuandas.
1127 1379 1170 1422 re·

156 1455 228 1533 cipit
256 1471 351 1514 cornu
379 1455 492 1514 cervini
519 1452 667 1513 combusti
695 1459 725 1512 et
747 1452 800 1514 loti
824 1463 850 1514 ζ
873 1451 899 1532 l,
927 1452 1077 1531 aeruginis
1103 1449 1170 1531 21,
1222 1444 1223 1448 ’

156 1543 331 1603 ammoniaci
359 1552 385 1604 2.
412 1541 438 1621 l,
466 1543 616 1621 sepiarum
645 1549 738 1602 testae
766 1541 864 1602 mollis
897 1541 1029 1601 detracto
1060 1542 1170 1602 cortice

115 1642 182 1695 mn.
200 1629 240 1712 ll,
258 1626 372 1710 plurirbi
390 1629 579 1691 mundissimi
598 1643 623 1695 2
642 1627 693 1711 Vl,
716 1631 777 1711 opii
796 1633 823 1688 2.
843 1629 897 1711 lll,
921 1645 1039 1691 murrae
1060 1633 1088 1688 2
1109 1624 1169 1709 llll,

156 1721 266 1782 cummi
290 1717 327 1779 dr
349 1717 412 1778 llll.
448 1719 517 1779 vino
540 1719 634 1780 veteri
657 1721 769 1798 optimo
793 1719 951 1798 colligitur.

244 1806 474 1887 xerooollyrium
502 1824 612 1868 aessens
639 1808 749 1888 visum,
776 1807 856 1887 quod
886 1806 991 1868 Gracci
1019 1807 1168 1887 oxyderci·

156 1914 212 1958 con
239 1904 354 1959 vocant.
396 1896 467 1957 iacit
494 1903 524 1957 et
552 1895 588 1956 ad
616 1894 810 1976 amblyopiam
837 1896 868 1956 id
894 1906 940 1957 cst
962 1895 1168 1958 obtunsionem

155 1988 237 2046 visus
260 1995 290 2046 ct
313 1985 349 2046 ad
372 1984 617 2065 xeropthalmian
639 1984 669 2044 id
693 1992 740 2046 est
762 1987 871 2046 siccam
896 1984 1121 2065 lippitudinem,
1141 1991 1168 2044 et

228 2215 241 2262 1
262 2209 338 2265 lese?
352 2225 382 2279 9,
407 2207 549 2276 lacento,
568 2207 634 2263 lesit
647 2225 677 2277 9.
786 2208 840 2265 dne
857 2226 889 2280 9,
913 2209 1024 2278 -cisp
1043 2209 1121 2278 (dulc
1138 2209 1167 2277 c).

154 2296 246 2352 mirab
259 2313 278 2367 9
291 2296 435 2366 (mirabeis
449 2312 473 2363 c,
490 2295 611 2352 mirabil’
620 2298 662 2368 9).
726 2302 741 2350 2
755 2297 844 2354 facto:
862 2297 970 2353 factum
983 2285 1063 2367 (fotm
1079 2301 1103 2368 c)
1113 2313 1167 2368 pop.

154 2367 319 2424 adialeuco
335 2371 340 2437 t
356 2368 405 2423 hin
429 2367 488 2436 (nia
511 2371 592 2436 corr.)
610 2385 640 2439 9,
666 2367 795 2425 dialeuco
813 2369 863 2424 hui
881 2386 910 2438 c,
934 2369 1040 2424 dialeto
1059 2369 1110 2424 hin
1125 2374 1166 2436 19.

153 2439 229 2514 viole
246 2456 273 2510 9,
291 2439 367 2496 viole
385 2456 407 2508 c,
426 2438 493 2494 viol’
506 2456 537 2508 9.
620 2448 637 2494 4
655 2439 790 2496 facillime
809 2444 892 2511 pap).
977 2439 1168 2506 extenuanda

155 2511 251 2580 (-des
270 2512 323 2582 cp).
409 2516 490 2566 brec
509 2527 535 2581 9,
554 2512 581 2576 iit
598 2527 639 2580 cp.
726 2510 817 2586 orbino
835 2527 868 2582 9:
887 2510 976 2566 orbico
994 2528 1035 2581 cp.
1121 2509 1168 2564 iioi

152 2581 359 2653 viritim-ris
377 2581 456 2636 —dis
471 2598 502 2652 9,
522 2580 596 2636 -ris
615 2582 685 2638 -de
699 2583 733 2652 c).
806 2582 902 2638 cimini
922 2599 968 2652 99,
987 2583 1165 2638 etcnminic.

154 2654 245 2724 odfg‘
263 2653 328 2709 VIII
346 2670 372 2724 9,
392 2653 425 2707 dr
443 2657 557 2709 octenas
575 2669 602 2708 c=
622 2658 703 2717 Μ
721 2653 785 2708 Vlll
800 2671 830 2723 9.
904 2653 1044 2709 amoniaci
1061 2655 1166 2724 9ο(-

154 2724 277 2778 monieci
314 2727 332 2794 ).
441 2723 574 2778 ciminum
592 2740 637 2794 99,
657 2727 686 2780 et
703 2725 807 2779 cumini
826 2741 847 2780 c.
959 2730 1093 2795 'lpensas
1110 2739 1165 2794 pop.

154 2799 170 2848 8
189 2741 375 2866 prespigcbea
394 2811 416 2850 c.
507 2800 524 2849 9
543 2795 719 2850 cohunentnr
736 2812 766 2866 9:
791 2795 1020 2867 coadunantnrp
1041 2798 1085 2867 (ut
1101 2796 1167 2850 bene

154 2866 388 2922 commisceantur
408 2867 441 2934 c).
548 2865 619 2920 iacis
645 2866 700 2938 (fad
724 2870 748 2932 c)
771 2883 831 2937 999.
941 2873 974 2922 10
996 2867 1115 2938 inunges
1134 2879 1167 2934 99

154 2936 254 3007 (unges
273 2941 304 3006 o).
379 2942 412 2991 11
432 2935 519 2992 elain:
538 2936 643 2992 helalin
660 2953 692 3007 9,
716 2938 815 2994 ellafni
833 2954 859 3007 c,
879 2938 1028 3010 elephidp
1047 2941 1091 3008 (de
1107 2937 1166 2992 tali·

154 3009 204 3064 bae
223 3009 258 3075 cf.
278 3008 341 3066 Gal.
361 3007 427 3078 XlI,
447 3011 519 3078 762).
594 3013 627 3062 12
640 3013 659 3063 f
672 3026 699 3080 9,
718 3011 744 3077 It
762 3026 803 3079 cp.
877 3016 910 3064 13
925 3026 1012 3065 cornu
1030 3009 1166 3065 cervinum

155 3079 232 3150 (-ni
247 3082 280 3152 9)
297 3095 357 3150 999.
431 3085 465 3134 14
483 3082 526 3147 a(r
536 3079 695 3149 p)monieci
707 3096 741 3151 pc
757 3081 810 3147 (cic
822 3087 942 3150 seraper).
1017 3098 1042 3137 a.
1057 3081 1168 3150 dragma

153 3165 211 3206 una
229 3166 251 3205 c.
323 3151 397 3206 teste
419 3149 513 3205 mollis
532 3167 558 3205 c:
582 3151 657 3206 testa
674 3151 772 3207 mollis
788 3169 817 3221 9,
844 3155 981 3207 testarum
999 3152 1125 3209 mollium
1137 3163 1164 3218 9.

158 3220 650 3293 152111.q=0m.p,os3v1e.
751 3221 1164 3294 mim9(mirec,mirrept

155 3296 188 3346 te
216 3291 291 3346 cumi
319 3293 379 3358 (bic
401 3293 537 3363 pumero)
562 3310 592 3364 pa
622 3293 720 3348 cimini
737 3310 787 3366 cp.
897 3300 929 3348 17
959 3293 1117 3350 oxidoreion
1142 3305 1165 3360 9,

154 3361 340 3418 exhdorcicon
358 3378 385 3429 c,
404 3363 567 3419 exidecicon
581 3381 612 3433 9.
737 3371 772 3420 18
790 3364 944 3435 embliopin
961 3383 987 3438 9,
1006 3365 1129 3436 dpliopre
1145 3374 1164 3424 c,

151 3432 324 3505 embliopioa
338 3450 368 3506 9.
462 3441 495 3488 19
513 3435 681 3492 xerotalmia
698 3451 729 3508 9,
747 3435 916 3506 yerotalmio
934 3453 956 3508 c,
978 3437 1125 3492 serotalme
1136 3446 1163 3501 9.

152 3503 171 3558 i.
192 3505 232 3575 (id
251 3507 304 3576 est)
318 3521 354 3576 p:
374 3520 390 3570 a
410 3506 461 3576 (et)
480 3521 507 3576 c,
526 3519 576 3561 om.
596 3523 622 3578 9.
