2452 4014
473 249 711 314 -119-

78 398 195 457 vesicae
229 395 370 474 porcinae
404 393 567 475 alligatum,
604 413 663 456 non
696 395 784 456 nimis
815 396 942 458 interius
974 396 1027 458 sed
1063 397 1094 456 in

79 492 172 564 caput
195 492 318 544 naturae
345 484 450 544 inicies
477 485 626 545 cervinam
649 482 808 546 medullam
833 485 936 546 susino
959 483 1023 546 olco
1048 503 1094 545 re-

79 571 209 633 solutam
237 578 288 632 aut
319 570 460 651 butyrum
487 589 594 634 recens
621 579 672 634 aut
699 572 815 652 adipem
847 575 1019 635 anserinum
1049 573 1094 634 vel

79 661 284 740 gallinaceum.
326 659 491 722 adhibenda
513 662 602 722 etiarn
625 661 837 724 encatbiemata
859 680 895 722 er
919 662 1094 724 decoctione

78 766 218 811 rosarum
250 748 408 810 lenticulae
440 757 552 829 myrtae
580 749 648 811 rubi
679 749 796 812 lentisci
828 748 874 812 rel
905 749 952 813 bis
984 752 1093 811 virtute
1121 763 1134 802 ⁵

78 839 232 900 similium.
268 837 476 917 apponendum
495 840 585 900 etiam
603 846 634 900 et
651 838 699 899 dia
716 841 798 902 iteon
821 838 1014 918 emplastrum
1033 841 1094 899 sive

77 928 153 990 illud
188 926 437 989 medicamentum
474 926 554 1006 quod
586 945 692 1006 graece
723 926 884 990 ebarbaros
921 928 1095 1010 appellatur,

78 1016 206 1078 renibus
228 1023 259 1076 et
281 1017 393 1095 pectini
416 1031 569 1095 praeraso,
592 1023 644 1076 aut
665 1016 805 1078 dnicincn
826 1034 914 1096 quam
938 1017 1094 1079 Galenus

77 1108 111 1166 iu
135 1104 221 1166 libris
246 1103 476 1184 emplastrorum
498 1121 574 1183 quos
597 1113 662 1164 cata
684 1122 759 1183 gene
778 1106 938 1187 appellant,
961 1114 1094 1168 nostram

76 1195 127 1255 dia
147 1192 308 1254 chalciteos
326 1193 495 1254 nominarit.
527 1193 701 1272 proliciente
720 1201 819 1255 autem
840 1197 1002 1257 curationis
1021 1204 1135 1256 tem-1⁰

76 1293 154 1362 pore
179 1289 268 1344 erunt
297 1283 329 1341 iu
352 1279 419 1342 cibo
442 1281 530 1342 dandi
553 1283 634 1342 suini
655 1281 740 1360 pedis
763 1299 935 1364 mucrones,
963 1283 1094 1346 testiculi

77 1370 191 1432 madidi
214 1389 251 1431 cx
273 1387 349 1449 aqua
371 1377 402 1430 et
424 1369 582 1431 cerebrum
604 1378 749 1450 assatum,
775 1370 812 1431 de
838 1371 971 1452 piscibus
994 1381 1093 1433 autem

76 1459 255 1539 torpedines
293 1456 376 1518 aselli
407 1476 562 1540 murenae,
598 1458 636 1520 dc
672 1461 769 1539 pomis
807 1478 877 1521 vero
909 1478 982 1521 uvae
1018 1459 1093 1522 mala

76 1549 206 1628 cydonia
237 1555 358 1625 granata
391 1555 421 1608 et
452 1547 499 1608 bis
529 1550 639 1609 virtute
672 1547 786 1608 similia.
839 1547 969 1610 dandum
1005 1551 1094 1611 etiam

76 1639 190 1700 ieiunis
218 1633 328 1714 aliquid
356 1634 465 1698 sorbile
493 1635 573 1715 quod
600 1637 758 1701 humorem
784 1654 883 1700 acrem
914 1647 944 1700 et
973 1647 1134 1699 tenuem1⁵

77 1735 109 1787 et
133 1742 274 1806 asperum
301 1723 396 1785 valeat
424 1723 582 1786 obdulcare
610 1734 641 1786 et
669 1726 852 1786 crassiiicare
875 1735 906 1787 et
928 1727 1036 1807 lenire,
1062 1734 1095 1787 ut

75 1821 126 1875 est
151 1813 279 1892 amylum
301 1821 494 1892 procuratum
518 1822 569 1874 aut
591 1813 710 1893 polenta
734 1831 771 1874 ex
789 1831 865 1892 aqua
884 1814 959 1875 elixa
978 1824 1007 1875 et
1026 1833 1094 1875 crana

77 1906 149 1964 vino
174 1901 282 1981 nigello
305 1900 459 1962 addulcata
477 1909 529 1962 aut
546 1918 633 1982 oryza
656 1909 708 1962 aut
730 1919 820 1980 grana
838 1903 971 1983 ptisanae
995 1911 1025 1963 et
1048 1903 1094 1962 his

75 1985 197 2052 similia.
240 1988 384 2070 probatur
411 1991 500 2050 etiam
528 1989 593 2051 dari
621 1989 802 2051 sorbendum
830 1991 909 2069 quod
938 1991 1095 2053 coniicitur

77 2081 132 2141 sic.
171 2097 208 2139 ex
226 2077 340 2139 nucleis
359 2077 530 2139 recentibus
549 2085 580 2139 et
598 2081 767 2141 cucumeris
791 2082 902 2140 semine
926 2079 1094 2140 dcsoamato
1108 2093 1135 2134 so

78 2177 110 2229 et
139 2166 292 2246 amygdala
318 2165 399 2227 dulci
427 2167 574 2254 etnamylo
598 2187 667 2229 cunr
693 2166 769 2229 lacte
796 2169 828 2228 in
851 2187 911 2230 uno
937 2169 1095 2248 diligenter

77 2258 160 2318 tritis
198 2263 228 2316 et
267 2254 373 2316 leviter
413 2258 564 2317 concoctis
605 2256 735 2318 dandum
771 2257 879 2319 ieiunis
921 2276 989 2320 cum
1027 2259 1095 2318 vino

154 2450 169 2496 1
188 2442 280 2498 vesics
298 2442 413 2512 porcine
428 2443 537 2514 eligeto
551 2460 580 2499 e:
598 2443 692 2498 vesica
709 2443 826 2514 porcina
844 2443 965 2513 alligent
973 2461 1004 2512 p.
1078 2451 1094 2498 3

77 2513 205 2570 butirum
223 2515 366 2568 recentem
383 2527 424 2584 tp.
497 2513 722 2569 4adbibendam
736 2531 772 2583 ρ,
792 2514 894 2569 —durn
912 2529 934 2569 e.
1008 2514 1096 2568 etiam

73 2605 109 2656 p:
131 2587 161 2640 st
180 2601 201 2640 c.
288 2583 448 2640 anostisms
463 2601 489 2654 c,
509 2585 671 2640 eunatssma
684 2601 722 2654 p,
741 2585 935 2640 encotssmsba
948 2592 991 2654 ρο.
1077 2591 1094 2641 5

78 2657 152 2712 mire
171 2671 194 2721 c,
212 2655 295 2710 mitte
311 2673 341 2724 p.
414 2654 586 2710 dsimilibus
604 2671 645 2724 cp.
718 2653 842 2711 diaiteon
856 2672 891 2724 p,
911 2655 1054 2711 disciteon
1072 2673 1095 2712 c.

78 2733 94 2782 t
114 2743 199 2798 grece
217 2744 245 2794 c,
269 2725 346 2798 greci
364 2733 401 2796 p⁰
417 2729 481 2793 (oen.
499 2732 543 2797 p).
650 2725 829 2782 embarbnros
852 2744 884 2797 p,
907 2727 1046 2782 berbcnos
1072 2743 1094 2782 c.

78 2805 95 2853 8
114 2801 147 2854 et
163 2814 191 2854 c:
210 2799 260 2853 sut
273 2815 304 2866 p.
376 2797 503 2853 lenicsne
516 2815 552 2867 p,
570 2796 689 2853 leniente
708 2814 730 2853 e.
802 2797 930 2868 galienus
948 2815 976 2868 o,
1001 2798 1057 2882 gal*
1072 2816 1095 2868 p

80 2873 126 2939 (a-
146 2867 210 2925 eat.
230 2867 337 2937 XIII,
355 2871 430 2938 375).
507 2875 524 2923 2
542 2868 573 2936 ju
595 2867 668 2924 libro
687 2867 923 2938 emplcustrornm
936 2886 973 2939 p,
991 2870 1096 2925 librum

78 2941 298 3010 emplestaorum
315 2955 338 2995 c.
411 2955 480 3009 quos
502 2955 542 3009 cp.
633 2941 831 3010 octagonon,
856 2940 1133 3010 -nssp(Sim.).'

79 3018 133 3066 nia
148 3012 264 3082 (nomn)
279 3027 322 3079 ep.
396 3016 430 3065 10
443 3013 538 3066 eutem
549 3027 583 3080 p:
598 3010 686 3080 igitur
699 3027 721 3068 c.
786 3017 819 3066 11
834 3011 906 3067 suini
921 3014 955 3082 (c,
970 3012 1053 3067 suelli
1062 3013 1095 3080 p)

81 3082 169 3152 pedes
186 3097 332 3137 mucrones
351 3098 384 3151 ep
402 3082 450 3150 (os.
469 3081 533 3136 Gal.
555 3081 607 3147 VI,
625 3086 699 3148 671).
771 3083 952 3143 t.anaeroncs
969 3082 1057 3138 madii
1071 3099 1095 3149 c,

80 3157 101 3208 t.
120 3159 218 3208 scrobs
235 3151 378 3222 medidie
396 3153 444 3221 (cs.
464 3153 527 3208 Gal.
552 3152 609 3219 VI,
627 3157 704 3220 676).
814 3159 847 3208 la
866 3169 933 3209 vero
951 3170 978 3209 c:
998 3169 1048 3208 orn.
1064 3170 1095 3222 p.

81 3240 137 3279 ura
155 3240 197 3293 op.
285 3229 319 3278 14
338 3222 449 3279 cidonia
466 3241 508 3293 ep.
593 3228 625 3277 15
645 3223 721 3292 quod
734 3239 770 3292 p:
789 3225 822 3280 ut
839 3223 961 3294 accipiat
979 3224 1054 3292 quod
1072 3241 1094 3278 c.

81 3311 192 3350 acerem
214 3310 242 3363 c,
269 3310 365 3350 acrum
383 3311 414 3364 p.
523 3301 557 3350 lo
580 3293 662 3348 linire
688 3296 777 3363 c(p⁰)=
805 3295 903 3360 benus
922 3311 952 3363 p.
1062 3300 1095 3348 12

81 3370 149 3434 pom
163 3367 299 3435 clientum
314 3405 320 3419 .
337 3409 342 3422 .
360 3406 366 3420 .
381 3366 485 3421 elixum
508 3381 549 3434 ep.
640 3381 704 3418 oum
722 3382 748 3420 c:
772 3381 823 3423 om.
840 3381 868 3434 p.
962 3371 994 3420 18
1017 3365 1096 3420 edul-

82 3439 177 3492 cctum
191 3454 215 3505 c,
234 3435 414 3492 obdulcatam
422 3453 453 3506 p.
508 3451 596 3508 grene
607 3453 636 3506 p,
655 3451 742 3506 grans
756 3452 779 3491 c.
851 3442 886 3491 20
904 3437 978 3504 (item
987 3453 1018 3505 p.
1028 3441 1096 3502 120,

81 3508 110 3575 4)
130 3507 291 3564 desoamsto
309 3524 341 3576 p,
360 3507 542 3598 desquamato
561 3523 583 3562 c.
688 3512 722 3560 22
742 3510 771 3562 st
789 3509 929 3564 concoctis
948 3508 1049 3564 leviter
1066 3522 1095 3576 p.
