2476 4012
530 231 770 296 -174-
1234 314 1235 352 1

139 380 265 440 maxime
288 395 412 459 pueros,
434 395 589 458 myrarum
612 385 643 439 et
665 385 778 457 myrtae
803 384 834 438 et
852 377 1002 438 coriandri
1025 382 1170 464 seminis,
1234 355 1235 434 l

139 471 272 530 omnium
295 470 387 529 trium
410 469 580 546 specierum
603 466 785 528 decoctione.
1234 469 1235 486 ¹

228 556 369 638 epithima
399 556 435 617 ad
472 555 636 617 lumbricos
670 554 870 617 excludendos
903 558 965 617 sive
998 557 1163 621 necandos.

139 647 247 726 recipit
274 645 386 706 farinae
411 643 508 724 lupini
531 645 724 705 tenuissimae
746 655 782 706 ÷
805 643 845 725 11,
873 643 1014 706 absinthii
1037 651 1163 710 contusi

111 743 169 797 aet
196 737 273 796 creti
297 749 333 800 ÷
356 734 383 814 l,
409 741 522 812 myrtae
550 731 652 792 viridis
682 731 710 794 S.
754 734 854 794 mittes
881 735 912 794 in
941 733 1038 816 girba,
1067 741 1098 796 et
1127 739 1160 797 in

138 841 199 885 uno
227 822 385 902 diligenter
413 823 560 903 contusis,
587 822 700 901 optimo
728 821 816 883 mella
844 821 967 901 colliges
990 830 1021 884 et
1044 825 1075 884 iu
1100 823 1158 886 lin·
1235 879 1236 894 ,

138 912 217 973 teolo
244 909 383 972 illinitum
411 909 661 971 medicamentum
688 909 854 972 visceribus
882 912 988 973 mediis
1010 913 1159 992 impones.
1235 899 1236 924 ¹

138 999 295 1080 aliquando
319 1017 390 1060 vero
417 999 633 1060 medicamento
657 1013 748 1079 supra
771 1001 883 1080 scripta
907 1000 1116 1062 admiscemus,

228 1087 316 1149 aliud.
353 1087 481 1149 medulla
500 1089 619 1148 cervina
636 1087 702 1147 oleo
720 1086 851 1149 violaceo
870 1088 1002 1150 resoluta
1020 1107 1036 1149 a
1055 1092 1161 1151 nervis

98 1193 124 1231 10
138 1179 263 1239 cervicis
287 1194 362 1256 quos
385 1183 523 1238 tenontas
546 1175 650 1237 dicunt
671 1193 727 1255 per
749 1183 842 1237 totam
861 1179 977 1256 spinam
998 1195 1095 1256 usque
1118 1179 1158 1240 ad

137 1283 242 1328 sextam
264 1283 448 1346 perungues,
472 1273 523 1326 aut
544 1267 644 1344 ipsum
663 1264 761 1326 oleum
780 1264 944 1328 violaceum
963 1265 1158 1345 singulariter

137 1356 318 1436 tepefactum
328 1354 452 1415 auribus
460 1353 618 1415 instillabis
630 1360 661 1414 et
674 1355 753 1434 ipsas
768 1372 909 1416 cavernas
921 1354 986 1415 lana
1001 1353 1158 1416 obtrudes.

227 1446 273 1505 sin
303 1461 374 1504 varo
398 1461 466 1505 cum
490 1443 627 1504 adiuncta
651 1441 799 1504 solutione
823 1445 936 1504 renuis
965 1443 1056 1504 luerit
1076 1443 1158 1504 lum-

136 1533 290 1594 bricorum
317 1533 415 1611 passio
439 1549 508 1592 cum
531 1548 703 1592 rasurarum
728 1533 893 1614 egestione,
924 1540 996 1594 tunc
1020 1530 1158 1614 stulticia,

97 1635 123 1675 1⁵
137 1621 167 1682 id
191 1630 237 1682 est
252 1623 495 1699 rconstrictoriis,
525 1622 603 1681 sicut
629 1621 662 1680 in
690 1618 858 1699 dysenteria
885 1621 998 1682 inicere
1026 1629 1158 1702 oportet,
1236 1667 1237 1696 2

137 1717 167 1771 et
198 1710 358 1789 propinare
390 1707 567 1789 plantaginis
595 1725 700 1769 sucum
728 1716 781 1769 aut
808 1717 945 1787 monetas
975 1707 1073 1770 acidas
1102 1719 1158 1771 aut

138 1815 244 1859 sucum
276 1796 395 1858 coliculi
427 1804 478 1858 aut
509 1797 677 1858 limaturam
710 1814 804 1860 corun
833 1799 945 1858 cervini
972 1799 1003 1858 in
1031 1797 1157 1882 modum

137 1886 275 1948 coclearii
297 1887 395 1948 unius.

226 1977 251 2035 si
283 1992 354 2036 vero
386 1981 506 2055 praeter
538 1973 652 2035 labrem
685 1973 777 2034 luerit
811 1976 910 2054 passio
942 1976 974 2035 iu
1012 1974 1157 2036 diuturna

97 2077 123 2117 ao
137 2061 336 2142 aegritudine,
365 2080 452 2142 quam
476 2061 581 2123 Graeci
609 2060 763 2124 chroniam
790 2072 911 2144 vocant,
940 2065 1029 2125 etiam
1052 2072 1082 2125 et
1108 2063 1155 2125 lu·

135 2153 223 2230 pinos
257 2167 374 2211 amaros
406 2150 536 2212 edendos
569 2148 652 2211 dabis
681 2160 711 2211 et
742 2153 929 2212 santonicum
962 2154 1067 2214 caricis
1097 2155 1157 2212 im-

136 2241 260 2300 missum
284 2245 314 2299 et
336 2240 438 2299 vinum
463 2237 635 2299 violaceum.

126 2395 129 2400 '
209 2390 393 2446 lmixarum:
411 2409 506 2447 rarum
523 2393 588 2461 (aio)
605 2409 632 2460 c,
650 2391 788 2462 nularr'ap
808 2391 918 2462 (nixari
931 2394 985 2463 μῦ).
1014 2394 1049 2461 of.
1066 2409 1156 2448 noxa-

135 2480 197 2518 rum
217 2463 246 2518 0.
261 2463 298 2519 A.
308 2479 339 2532 p.
353 2467 416 2518 539.
436 2467 497 2520 541.
588 2461 768 2533 etmirtep:
793 2465 967 2520 aindoma.
1057 2469 1156 2520 201‘11'1

134 2533 221 2589 trium
245 2538 311 2603 sper
335 2551 364 2590 o:
389 2536 490 2590 horum
516 2534 603 2590 trium
623 2550 655 2603 p.
762 2539 778 2588 8
803 2534 862 2590 aiva
887 2535 1028 2593 necandos
1055 2539 1093 2604 ΡΟ
1120 2538 1156 2590 a'aa

134 2621 221 2676 marp.
240 2608 302 2672 (om.
317 2609 366 2675 p):
391 2606 449 2662 siue
468 2605 609 2661 uocaudos
628 2620 650 2661 c.
741 2609 758 2660 t
777 2604 869 2676 lupini
885 2605 975 2661 farine
992 2607 1013 2660 t.
1028 2621 1059 2688 p.
1134 2613 1155 2662 5

134 2676 218 2732 mirte
225 2694 245 2745 p
255 2676 360 2742 (Dioac.
370 2683 397 2746 1,
410 2681 489 2746 155)=
503 2678 621 2732 mentae
633 2676 681 2742 (cs.
691 2675 791 2744 infra).
859 2675 958 2733 viridis
972 2677 1078 2732 mittas.
1091 2720 1099 2733 .
1111 2720 1117 2732 .
1128 2694 1154 2734 c.

135 2747 217 2816 girba
231 2764 253 2814 c,
271 2746 354 2817 girba
362 2764 393 2817 p.
466 2746 607 2818 ocolligla
621 2763 644 2815 c,
664 2750 718 2817 -ῑ
731 2763 762 2816 p.
834 2746 955 2803 linteolo
966 2765 999 2818 p,
1017 2747 1079 2801 -lo
1089 2754 1153 2818 1³⁰⁶·

136 2817 275 2873 tillitum
289 2834 320 2887 p.
393 2817 485 2874 viscef
502 2819 595 2874 media
614 2834 635 2873 o.
707 2816 802 2888 iponia
816 2834 858 2888 op.
930 2818 1153 2876 Smedicamen-

134 2895 197 2943 tum
214 2894 232 2952 3
251 2904 267 2946 ς
287 2894 352 2956 (pro
371 2887 421 2958 SS)
445 2888 674 2956 admiscemur,
698 2887 794 2943 ml'rcr'r
817 2905 902 2960 supra
919 2888 1002 2945 dictis
1020 2889 1155 2945 admisci·

133 2975 200 3084 {¹¹1¹ss
211 2975 241 3083 p.
271 3051 277 3064 ¹
301 2958 462 3085 uto-parui:
474 2977 500 3085 ct:
512 2959 639 3087 {mm
648 2976 672 3028 p
691 2960 747 3027 (aed
765 2961 801 3044 ia·
814 2976 900 3031 scorp.
914 2966 950 3031 1⁰⁰
968 2966 980 3015 i
1000 2956 1152 3086 zameis).

135 3046 168 3154 102
188 3047 301 3156 affice
320 3046 723 3183 sltlillabisp‚eaullocolpumlaos
742 3046 869 3169 anagn?
893 3047 985 3156 unffi
998 3047 1152 3158 obsgssdecs‘

132 3172 196 3240 (aio)
214 3188 240 3240 c,
259 3171 337 3226 lanas
356 3172 483 3227 obstruas
497 3189 527 3242 p.
603 3177 635 3226 13
652 3171 701 3226 San
714 3178 778 3242 p⁰c=
798 3171 829 3226 Si
847 3177 911 3229 ante
929 3189 997 3230 corr.
1008 3190 1038 3243 p.
1115 3179 1150 3228 15

134 3241 292 3298 desinteriia
311 3259 337 3313 c,
357 3242 503 3298 disinteria
516 3260 547 3311 p.
619 3241 723 3298 inicere
741 3258 792 3297 om.
812 3258 834 3299 c.
915 3250 947 3298 16
966 3244 1149 3314 propinatum

134 3330 161 3379 c,
180 3314 337 3368 —nandum
357 3330 388 3383 p.
497 3320 535 3369 17·
549 3313 682 3368 cauliculi
706 3331 803 3369 sucum
816 3330 848 3384 p.
956 3314 1151 3383 maroniae,

134 3423 229 3500 acacia
243 3435 273 3487 p.
347 3425 379 3473 21
395 3418 547 3475 sardonici
561 3435 584 3488 c,
603 3390 708 3494 aadf'icr'r
719 3435 749 3488 p.
823 3420 922 3476 caricis
932 3425 968 3490 p⁰
986 3419 1093 3490 (calicis
1103 3423 1148 3492 p),

135 3505 210 3543 cano
229 3505 250 3543 c.
