2510 4020
480 255 698 322 ..39-

86 400 170 462 ticula
193 419 262 462 cum
283 404 374 463 ramis
398 410 513 464 murtae
538 403 634 464 siccae
658 402 764 464 elixata
786 410 817 462 et
844 401 1002 481 diligenter
1024 405 1095 464 trita

86 509 148 551 cum
180 490 296 552 modico
329 490 416 552 melle
444 499 475 551 et
505 509 581 571 panc
614 491 714 554 inluso
746 489 983 574 cataplasmahis‚
1015 492 1095 571 quod

86 578 193 641 Graeci
207 580 360 660 artolagon
380 579 535 660 appellant.
573 583 619 642 sin
638 599 709 642 vero
729 579 959 660 erysipelatodes
983 582 1095 641 inerint

86 667 255 729 carbunculi
275 669 306 729 id
330 676 376 729 cst
399 686 467 730 cum
491 668 602 730 rubore
625 676 658 730 nt
681 672 712 730 in
735 671 830 730 vicina
857 677 942 748 parte
966 668 1023 729 sibi
1046 687 1093 729 ve·

86 755 135 816 luti
161 758 238 836 ignis
262 775 346 819 sacer
376 757 563 836 ostendatur,
590 757 758 838 plantagine
786 766 837 820 aut
864 756 1020 818 coriandro
1044 765 1121 818 aut⁵

86 843 173 905 intibo
200 864 269 908 cum
296 864 372 926 pane
400 845 623 926 cataplasmabis
656 845 702 908 bis
734 849 765 907 in
797 847 844 907 die
878 853 908 907 et
939 846 1031 907 semel
1063 848 1095 907 in

86 940 175 994 nocte.
216 942 289 996 tunc
317 953 385 996 cum
412 933 488 996 bene
518 935 603 996 ulcus
631 935 741 998 videris
769 935 980 1015 depurgatum,
1011 934 1094 996 Musa

85 1024 206 1084 trocisco
229 1026 325 1085 uteris
348 1025 379 1085 in
403 1025 472 1084 vino
495 1022 591 1087 mulso
613 1023 755 1086 resoluto.
1069 1042 1072 1050 ·

413 1181 516 1244 lllllll.
553 1183 602 1244 Ad
625 1201 760 1246 reuma.

165 1306 352 1385 intellegitur
374 1323 478 1368 reuma
502 1309 639 1386 quotiens
658 1307 752 1369 valida
774 1307 935 1369 influxione
958 1307 1094 1368 humoris
1109 1320 1134 1360 1⁰

86 1393 166 1455 nullis
187 1394 437 1476 praecedentibus
466 1397 564 1457 causis
592 1395 690 1457 subito
717 1397 894 1458 intumuerit
917 1395 1093 1458 membrum.

85 1488 112 1541 ct
132 1484 295 1563 appellatur
323 1502 339 1544 a
363 1483 484 1546 Graecis
506 1487 669 1547 reumatice
690 1484 831 1546 diathesis
854 1485 884 1546 id
908 1492 955 1546 cst
977 1503 1093 1546 reuma·

86 1571 137 1631 tica
153 1577 261 1651 passio.
299 1575 444 1652 contingit
467 1574 653 1656 frequenter,
674 1567 678 1658 l
699 1575 825 1636 maxime
844 1582 944 1636 tamen
965 1575 998 1634 in
1022 1576 1091 1635 arti·
1103 1597 1126 1636 r·
1141 1585 1182 1624 20¹

87 1657 187 1722 culosls
209 1661 298 1743 locis,
322 1669 356 1722 ut
378 1655 505 1743 exempli
528 1677 617 1724 causa
640 1665 671 1724 ln
694 1680 772 1743 genu
792 1671 843 1725 aut
865 1664 896 1725 in
918 1661 1019 1724 cubito
1042 1670 1094 1724 ant

85 1747 177 1826 iugulo
200 1759 252 1813 aut
276 1749 391 1810 maxilla
414 1769 483 1812 cum
506 1767 578 1812 aure
597 1769 694 1831 usque
713 1752 748 1812 ad
771 1760 914 1833 tempora,
936 1750 1093 1830 aliquando
1108 1763 1134 1805 15

86 1837 166 1898 otiam
198 1837 288 1901 simul
319 1846 350 1900 et
382 1839 501 1920 facicm,
529 1847 564 1901 ut
591 1842 681 1901 etiam
708 1842 822 1920 ingenti
849 1848 966 1901 tumore
994 1838 1093 1900 subito

86 1923 157 1986 oculi
179 1929 364 1990 claudantur.
401 1926 558 2007 aliquando
581 1945 677 2008 nsque
701 1928 737 1990 ad
760 1935 864 2008 guttur
882 1944 973 2008 supra
995 1927 1093 2004 dictus

87 2017 176 2076 tumor
199 2016 353 2098 dilatatur,
376 2024 410 2078 ut
433 2019 522 2078 etiam
544 2017 675 2079 thoracis
697 2026 797 2098 partes
820 2018 946 2079 invadat.

166 2107 197 2167 in
225 2104 430 2169 curationibus
457 2123 528 2166 vero
556 2105 735 2168 abstinentia
763 2105 822 2169 cibi
849 2106 896 2167 vel
922 2108 1033 2168 ieiunio
1063 2114 1093 2168 ct

87 2195 180 2254 avino
198 2196 376 2258 abstinentia
396 2202 426 2255 et
446 2196 598 2275 sanguinis
617 2194 800 2258 detractione
819 2214 873 2275 per
892 2195 1092 2256 flebotomiam
1106 2209 1133 2250 eo

87 2285 114 2338 at
133 2287 242 2346 ventris
266 2285 442 2364 purgatione
462 2284 624 2346 cathartico
647 2285 715 2345 dato
734 2287 795 2346 sive
819 2284 946 2364 clystere
970 2301 1092 2346 evacua·

112 2491 271 2564 ,lmnrtp
285 2505 315 2560 9:
330 2488 414 2544 miris
425 2506 466 2558 cp.
539 2489 661 2546 exlixete
674 2509 700 2560 9,
715 2489 818 2546 elixebe
833 2506 855 2556 c,
870 2491 899 2544 el
912 2489 950 2557 (z)
964 2487 1050 2542 lixete
1060 2503 1093 2556 p.

87 2554 148 2611 tnta
164 2576 192 2630 9:
212 2564 277 2616 -te
291 2577 332 2630 cp.
406 2567 422 2614 3
438 2559 597 2630 erbolegion
615 2578 633 2631 9
650 2564 701 2631 (p),
719 2558 886 2628 ertopagion
901 2575 915 2614 c
932 2558 980 2625 (cs.
995 2574 1016 2612 c.
1033 2562 1092 2625 32).

89 2622 132 2680 Sin
147 2644 175 2698 9ι
195 2631 226 2687 ui
245 2649 285 2702 ep.
384 2630 622 2702 beresipelebodee
639 2649 670 2702 9,
690 2629 890 2699 ecsipilabodeo
909 2645 936 2696 c,
955 2627 1092 2699 erisipile

87 2695 158 2773 iodea
173 2719 203 2771 p.
294 2702 360 2757 din
378 2701 485 2758 vicinae
502 2704 597 2773 partes
616 2701 668 2758 sibi
691 2719 725 2772 9ο
747 2707 772 2756 ct
793 2703 856 2772 (om.
875 2699 939 2770 sibi)
953 2717 985 2768 p.
1076 2706 1092 2756 5

88 2767 234 2900 iiim
252 2773 543 2900 acumem
560 2772 802 2900 iili-llenffit‘l
818 2771 969 2900 tullii
983 2787 1092 2897 ml?

89 2909 201 2970 solutum
218 2863 335 2988 gP(-oo
352 2957 357 2969 .
374 2957 380 2970 .
396 2956 402 2970 .
418 2917 483 2970 —bo
496 2862 555 2986 yop).
644 2863 724 2986 impp:
747 2932 797 2970 om.
816 2933 857 2987 gc.
947 2913 1029 2968 eric.
1048 2913 1093 2968 Ad

89 3010 203 3058 neumam
219 3021 238 3076 9
256 3005 350 3073 (-ma
369 3006 401 3073 c),
422 2987 447 3073 ‘d‘
467 3005 586 3074 (onuba)
605 3005 640 3060 de
659 2992 761 3060 reumd’
775 3021 805 3074 p.
915 3009 947 3057 12
971 3003 1007 3068 cf.
1027 3001 1090 3056 Gal.

91 3081 147 3162 ⁸XI,
165 3095 207 3147 79.
300 3099 333 3147 13
351 3095 449 3148 temen
466 3109 496 3162 9²
515 3109 565 3148 om.
586 3110 627 3164 cp.
719 3099 751 3147 15
769 3092 866 3163 iugulo
886 3108 920 3161 p:
944 3077 1049 3161 ungdlo
1065 3107 1091 3159 9,

90 3167 115 3206 m
131 3164 255 3234 murgulo
274 3181 296 3220 c.
390 3164 421 3219 in
439 3163 555 3219 mexille
574 3181 615 3234 op.
700 3179 768 3218 eure
785 3179 831 3234 pc:
850 3179 943 3230 orep.
1026 3161 1092 3215 tim·

89 3238 151 3290 pora,
166 3249 191 3301 9,
209 3236 321 3305 tempus
339 3237 399 3305 (Π
409 3253 440 3304 p,
458 3237 524 3307 lpus
543 3238 567 3304 c)
586 3252 627 3304 cp.
737 3241 770 3289 16
793 3233 895 3317 deciam
914 3233 945 3301 (ι’.
963 3248 985 3287 c.
1003 3249 1092 3301 utque

91 3295 208 3375 “df-bg,
226 3305 298 3362 lacis
318 3323 344 3362 c:
362 3255 464 3362 {eciem
484 3308 604 3376 occupat
616 3323 647 3376 p.
720 3311 755 3361 20
769 3321 851 3360 armo
867 3320 893 3358 o:
912 3319 978 3358 rino
995 3320 1014 3373 9
1033 3303 1092 3386 (eb-

92 3365 214 3432 almenlia
227 3376 284 3432 cibi
298 3379 328 3433 eb
345 3377 437 3448 vinip
451 3419 457 3432 .
530 3383 601 3449 sang
615 3376 789 3432 detractione
803 3393 828 3444 9.
900 3373 1092 3430 fleuobomrem

92 3436 129 3498 (ut
144 3453 253 3517 desuper)
270 3467 315 3522 9.,
369 3455 403 3504 21
423 3449 534 3504 clirbere
551 3465 570 3520 9
588 3449 701 3517 (distare
715 3448 763 3516 p),
783 3443 914 3502 clisleriis
933 3461 954 3503 c.
1028 3460 1092 3499 eve·

93 3511 208 3573 macione
221 3537 256 3589 p:
275 3521 441 3576 vaouebione
461 3522 548 3590 (-l1‘6
566 3518 593 3589 9)
611 3535 645 3590 gc
661 3520 706 3585 (ul
722 3533 810 3586 acopra
827 3521 865 3588 9).
