2476 4012
553 205 794 270 —206-

185 349 309 404 natones
327 363 398 418 quas
420 345 539 404 elelidas
556 344 648 415 (affili-

183 422 234 476 das
252 436 275 488 c,
294 418 422 475 efellidas
437 420 469 487 p)
489 417 587 473 dicunt
605 423 648 472 73.

165 501 319 578 illimato:
335 505 474 563 solatione
484 522 552 562 vero
561 506 649 561 utens

183 596 269 650 quam
294 578 395 635 eliosin
418 578 517 633 dionnt
537 583 582 632 54.
611 578 647 646 os.

184 651 497 717 0a1.ar.s,1eac.

163 732 379 810 ἡμικράνιοςε
401 736 515 792 adeius
536 737 582 805 (sc,
602 753 647 792 ca-

182 813 261 884 pitis)
299 808 459 865 medietatis
499 807 647 877 (dolorem)

183 899 266 951 quem
312 882 407 949 (quam
447 880 536 948 codd.)
579 879 646 934 emi·

183 952 338 1035 g(e)ranion
377 953 481 1005 vocant
521 956 544 1006 1.
597 952 648 1004 aut

182 1025 269 1094 ipsius
324 1023 504 1076 membranae
558 1021 648 1090 partis

184 1094 298 1164 (passio)
321 1109 405 1163 quam
424 1093 556 1147 consuete
579 1092 647 1146 emi-

184 1165 340 1236 g(c)ranion
354 1163 451 1219 dicunt
468 1164 504 1218 ib.
524 1163 561 1218 ad
580 1163 648 1217 emi·

182 1233 338 1306 g(c)ranion
364 1251 432 1289 vero
459 1240 507 1289 etc.
533 1233 571 1288 ib.
614 1249 647 1288 ex

184 1306 362 1362 antecedenti
380 1306 477 1361 dolore
496 1303 585 1361 totius
603 1319 647 1358 oo·

183 1379 256 1462 pitis,
278 1381 328 1433 cut
355 1377 509 1447 emigranei
541 1378 592 1446 (sic
614 1392 648 1459 ¹9,

181 1447 647 1602 uirilitatis-dall:

182 1593 219 1647 ad
253 1591 437 1660 emigramum
470 1591 526 1644 cod.
554 1589 647 1642 Broc.

185 1664 234 1717 Tu.
260 1663 347 1716 Prisc.
372 1678 396 1730 p
418 1657 468 1714 93l
491 1665 517 1714 et
536 1677 566 1728 p.
590 1665 647 1715 102

181 1735 233 1789 ubi
258 1749 322 1788 mcc
349 1730 519 1801 emigranius
547 1733 649 1799 pausat

183 1805 273 1861 si...
303 1804 375 1859 (lael,
399 1805 454 1858 etr,
474 1808 504 1871 1,
527 1807 544 1855 4
568 1801 648 1856 dolor

182 1877 334 1931 vehemens
359 1874 462 1944 capitis
482 1873 571 1928 totius
599 1875 649 1927 aut

183 1947 293 2002 dimidii
320 1961 403 2015 quem
432 1946 566 2000 consueto
599 1959 646 1998 no·

182 2019 258 2073 mine
289 2017 489 2072 hemicranium
517 2017 569 2085 (sic
595 2016 647 2084 ed.)

182 2090 293 2144 vocant.
312 2089 440 2156 Merop.
450 2086 648 2154 caccabate

182 2161 284 2215 codicis
319 2159 432 2220 tertiare
466 2171 524 2212 uon
559 2157 648 2226 mapsa

183 2231 306 2297 constat).
353 2230 432 2284 Alex.
467 2233 495 2296 1,
531 2231 646 2282 45-51

82 2295 89 2308 ’
183 2301 370 2372 (emigraneus
385 2299 473 2365 dolor,
487 2298 648 2368 emigranea

182 2372 283 2443 passio,
293 2371 503 2444 emigraneam).
517 2369 646 2440 Escolcp.

183 2446 238 2499 etr.
267 2459 288 2498 o.
318 2449 346 2497 1:
374 2441 475 2512 quodsi
499 2439 647 2495 dimidium

183 2517 269 2585 caput
294 2514 431 2580 doluerit,
457 2512 647 2583 emigraneum

183 2585 552 2727 {cructuatio-

165 2741 417 2817 θεραπευτικήι
459 2744 580 2800 Galenus
616 2743 647 2797 in

183 2833 233 2872 sua
245 2816 437 2886 therapeutica
446 2814 500 2870 hoc
515 2815 558 2870 est
567 2813 646 2868 libris

184 2888 359 2942 curationum
378 2893 421 2941 30.

165 2973 335 3047 θρόμβοςτ
359 2972 488 3043 glebulas
508 2972 647 3044 (globulos

182 3046 249 3103 Sim.
282 3063 304 3100 s.
335 3046 371 3115 c.)
402 3045 545 3116 sanguinis
577 3062 646 3114 quas

183 3117 283 3175 Graeci
296 3117 421 3172 trombos
435 3116 571 3186 (trumbos
586 3133 646 3171 c=

182 3189 262 3259 Sim.)
286 3187 433 3314 appellant
455 3192 496 3243 80.
530 3187 646 3258 globoso

182 3261 230 3328 (al.
255 3260 303 3332 glo
325 3263 385 3329 oso)
405 3258 539 3330 sanguine
563 3276 646 3327 quem

183 3331 283 3386 Gracci
306 3330 437 3385 trombon
462 3329 602 3400 (trumbou
621 3330 646 3399 e)

183 3401 329 3472 appellant
346 3406 389 3457 46.
428 3403 462 3468 cf.
482 3398 554 3456 cael.
574 3403 645 3454 Aur.

182 3473 237 3528 chr.
258 3479 283 3541 2,
304 3477 345 3526 12.
378 3477 404 3541 4,
423 3478 458 3527 84
476 3469 565 3542 gelati
584 3485 645 3526 san-

716 342 808 414 guinis
817 341 989 412 corpusculis
1003 358 1076 412 quae
1087 339 1168 414 opip-

716 417 784 488 βους
802 413 956 500 appellant.

698 485 977 560 θρομβσυμενοςε
1000 483 1025 539 si
1048 499 1113 544 vero
1133 485 1170 538 ni-
1218 479 1219 494 ¹

713 555 806 627 gelius
824 554 912 610 fuerit
930 554 1068 626 (sanguim)
1086 557 1115 611 et
1131 571 1170 610 ve·

715 627 769 684 luti
796 627 940 697 globosus,
969 642 1054 695 quem
1082 625 1173 682 Graeci

715 700 789 767 aaa
799 699 1004 768 p)mbumenon
1018 699 1121 753 vocant
1135 703 1173 752 39.

715 771 750 838 cf.
776 767 848 824 Geel.
871 770 942 824 Arar.
967 767 1023 822 chr.
1047 773 1079 836 4,
1097 773 1131 822 40
1154 767 1174 822 si

714 841 827 912 gelatus
873 838 1015 895 obstiterit
1058 839 1173 910 sanguis,

715 911 792 1039 quotd
815 911 916 966 Graeci
941 905 1109 982 θρόμβωσιν
1132 926 1173 966 vo-

715 999 787 1038 can.

698 1053 808 1123 θυμοὶ
831 1053 879 1122 (ol.
902 1047 996 1124 dipsa
1021 1049 1089 1107 Cels.
1110 1055 1173 1121 etc.):

716 1125 871 1208 (verrucae)
901 1123 931 1178 in
967 1121 1173 1206 similitudinem

715 1194 1174 1335 illiditollt’molllal

715 1355 776 1393 mos
805 1339 830 1408 c)
861 1335 1042 1406 appellantur
1075 1342 1108 1390 12
1137 1336 1174 1404 (de

715 1409 821 1478 oripim
838 1409 958 1463 mnino
975 1407 1032 1474 sere
1050 1408 1174 1462 comaco

716 1478 965 1548 Quam

697 1549 770 1606 treve
793 1544 878 1616 ικόςι
911 1548 1019 1604 icterici
1051 1547 1174 1606 dicuntur

716 1568 813 1676 morlo
840 1619 919 1690 regio
952 1619 1173 1674 laborantes...

716 1693 912 1763 sequitur...
931 1690 1025 1762 pallor
1056 1688 1174 1761 eorporis

716 1780 778 1818 cum
799 1762 972 1818 ...crocei
1013 1761 1060 1816 vel
1105 1760 1174 1816 aurei

716 1835 817 1890 coloris
833 1831 968 1901 fantasia,
987 1830 1063 1886 uude
1076 1832 1113 1887 ab
1130 1831 1175 1886 ali-

716 1901 1174 2045 ltili-ztffilltltiffl‘t

697 1993 979 2121 lxiapaioagipcum
995 2044 1105 2115 ingenti
1120 2044 1174 2116 pal·

715 2119 774 2174 lore
792 2119 936 2173 icterioum
951 2117 1082 2171 morbum
1096 2115 1174 2170 simu-

714 2191 805 2257 lante,
830 2206 896 2244 nam
915 2187 1014 2244 Graeci
1037 2186 1176 2242 icteroden

714 2263 819 2316 vocant
836 2266 878 2314 32.

698 2329 927 2402 ἰλιγγιῶντεςε
994 2329 1066 2386 verti
1090 2329 1096 2340 '
1117 2345 1176 2383 osos

716 2420 786 2472 quos
804 2399 968 2472 ilingioutas
989 2416 1063 2471 appe
1088 2400 1133 2454 ant
1155 2407 1176 2465 1,

715 2475 765 2529 ubi
787 2473 938 2528 ilicnuntae
960 2488 991 2541 p,
1014 2470 1059 2524 illi
1079 2471 1176 2541 gnntas

715 2562 738 2613 c,
757 2543 869 2615 giuntas
883 2545 942 2613 (sic,
959 2544 992 2599 in
1005 2543 1071 2596 aovi
1089 2555 1176 2597 caeru

715 2617 798 2671 initio
830 2616 917 2670 altera
944 2614 1073 2669 vocabuli
1098 2618 1176 2684 parte

710 2703 763 2756 per
790 2702 907 2741 errorem
935 2685 1044 2754 omaso)
1067 2701 1103 2754 p,
1128 2699 1175 2753 quo

714 2761 775 2828 ipso
788 2758 890 2814 scilicet
904 2757 994 2812 codice
1007 2772 1075 2810 usas
1092 2754 1176 2811 videri

709 2833 799 2900 potest
813 2829 909 2883 diaron
926 2825 1081 2882 Jaaoeasis
1099 2830 1174 2894 (socc.

715 2899 798 2954 XIV
818 2900 869 2968 ia.)
887 2899 937 2968 qui
959 2899 1009 2954 aab
1034 2898 1086 2954 titt.
1106 2897 1132 2952 G
1149 2897 1176 2963 (i)

714 2971 794 3026 Moci
812 2969 949 3040 „Giuntas
969 2983 1051 3040 grece
1070 2968 1174 3036 vertigo

715 3041 790 3098 Cass.
823 3041 870 3096 Fe.
904 3040 976 3096 ato.“
1022 3044 1102 3109 atoue
1130 3040 1175 3094 loc

714 3113 825 3168 Simone
852 3112 985 3168 recentior
1009 3112 1095 3178 fuisse
1120 3125 1174 3166 cor·

713 3185 826 3240 rectoris
837 3199 936 3238 maus
945 3199 1014 3252 quoe
1023 3198 1091 3237 saec.
1099 3180 1150 3235 XI
1155 3177 1177 3231 V

714 3256 782 3326 inp
801 3255 980 3324 compserit
997 3252 1037 3307 ili.
1068 3252 1175 3308 caseus

715 3328 787 3382 euim
805 3325 873 3396 „qui
897 3323 1023 3380 continet
1040 3324 1174 3379 tractatus

715 3399 784 3452 duos
795 3397 829 3450 de
838 3395 965 3466 pratica“
980 3399 1022 3465 (ut
1031 3396 1073 3449 ait
1082 3394 1174 3448 Simos

713 3470 746 3524 iu
755 3467 858 3538 praef.)
872 3466 1013 3537 significat
1031 3471 1081 3522 out
1094 3480 1172 3522 exeu-
