2510 4020
536 191 752 255 ..12-

138 346 189 399 aut
212 339 396 398 macronosia
418 335 621 397 laborantibus
644 334 675 396 id
699 341 745 396 est
767 335 854 414 longa
877 335 1075 415 aegritudine,
1103 343 1158 396 aut

138 425 285 487 laborioso
309 428 340 486 in
364 426 481 486 feminis
503 432 601 504 partu.

227 515 264 576 oh
297 514 479 594 diligentiam
510 531 581 573 vero
614 514 776 576 curationis
813 511 952 574 ladanum
984 530 1053 573 cum
1084 514 1157 572 vino

138 604 245 684 nigello
283 611 422 664 conteres
458 601 553 662 donec
592 601 687 662 mellis
725 608 822 662 sumat
858 601 1086 662 crassitudinem
1123 609 1157 662 et

111 693 243 754 ⁵illinea
276 692 414 754 adiantou
425 691 557 771 herbae,
575 692 742 771 rosmarini,
766 697 879 769 myrtae
898 689 1023 769 nigellae
1042 689 1157 770 viridiS,

138 784 271 843 omnium
293 782 385 841 trium
408 779 575 859 manipulos
604 779 751 858 singulm,
780 779 918 842 aluminis
945 779 1031 858 lipari
1054 779 1157 859 2111,

138 870 196 930 olei
220 870 305 950 spani
328 876 357 929 et
381 886 473 947 aquae
498 870 611 928 etvini
634 867 747 948 nigelli,
770 869 903 928 omnium
925 869 1017 928 trium
1041 869 1157 928 eminas

139 958 279 1039 singulas,
311 975 422 1036 coques
452 964 486 1017 ut
513 956 549 1017 ad
578 956 676 1018 oleum
704 955 840 1037 redeant,
866 958 908 1018 ita
936 963 970 1016 ut
1002 965 1157 1017 remaneat

138 1048 288 1110 modicum
306 1045 440 1108 humoris
460 1063 496 1106 ne
516 1045 615 1106 oleum
633 1045 743 1106 ardeat.
775 1052 847 1106 tunc
866 1043 994 1123 liquabis
1013 1052 1043 1105 et
1064 1052 1156 1124 caput

99 1150 124 1188 1⁰
138 1153 319 1216 perungues.

476 1258 507 1319 V.
545 1257 593 1318 Ad
617 1257 815 1337 alopiciam.

228 1383 373 1445 Omnibus
401 1382 548 1462 capillosis
576 1385 607 1444 in
630 1383 703 1444 locis
726 1382 819 1443 veluti
846 1381 974 1443 rotundo
1003 1381 1155 1444 schemate

138 1472 270 1533 desertio
289 1473 418 1532 eflicitur
441 1471 623 1551 capillorum.
661 1470 713 1531 sed
737 1489 846 1531 nomen
870 1470 1011 1550 alopiciae
1030 1474 1158 1552 accepit,

140 1563 165 1621 si
189 1561 309 1639 quidem
331 1567 489 1641 postquam
517 1561 629 1620 luerint
652 1562 748 1620 curati
771 1567 877 1621 tenues
900 1577 1026 1620 canosos
1049 1565 1080 1619 et
1106 1578 1155 1620 va-

98 1663 124 1703 15
137 1649 195 1710 luti
225 1649 316 1710 ssavos
349 1648 470 1730 capillos
503 1648 673 1730 ostendant,
706 1650 783 1709 sicut
815 1648 948 1710 animalis
981 1647 1155 1728 vulpeculae

139 1756 228 1818 quam
251 1737 357 1798 Graeci
380 1737 499 1817 alopeca
523 1746 637 1798 vocant.

228 1829 341 1888 curatio
370 1834 470 1887 autem
497 1826 631 1888 eiusdem
657 1827 803 1907 passionis
831 1825 897 1887 talis
926 1833 981 1887 est
1024 1829 1156 1890 minutas

137 1915 184 1976 vel
203 1915 309 1976 densas
329 1910 526 1976 scarilationis
550 1915 731 1976 laceraturus
750 1913 834 1975 dabis
853 1932 927 1994 quas
947 1914 1052 1975 Graeci
1075 1935 1155 1996 amy-

139 2003 208 2065 chas
232 2012 350 2086 vocant,
373 2011 404 2064 et
427 2023 518 2082 super
542 2006 686 2064 acriorem
706 2021 809 2082 cepam
833 2011 1001 2082 quassatam
1024 2003 1156 2087 fricahis,

211 2180 225 2226 1
245 2173 448 2230 macronosiam
465 2192 491 2245 p,
511 2173 626 2228 —nosia
639 2191 662 2241 θ,
681 2173 800 2228 -noxia
815 2190 845 2242 p.
917 2175 935 2232 i.
952 2175 1066 2246 longam
1081 2177 1156 2250 pgri-

137 2245 264 2300 tudinem
282 2263 308 2316 p.
388 2251 405 2298 4
425 2244 544 2300 conteris
562 2261 603 2316 pc,
621 2243 690 2300 teris
706 2262 735 2314 p.
817 2249 832 2298 ὴ
850 2243 938 2300 illinis
956 2263 992 2329 pp
1012 2246 1099 2317 (illius
1119 2251 1155 2318 c).

138 2316 272 2371 adianton
285 2334 311 2387 p,
326 2319 394 2371 -ὴιῑ
408 2334 439 2385 p,
454 2315 590 2370 addiaton
608 2315 676 2384 alid
689 2319 734 2370 est
746 2316 835 2371 barba
849 2315 928 2372 iovis.
956 2317 1044 2373 idest
1061 2319 1157 2374 &aron

138 2388 297 2514 oraru
316 2387 783 2458 >
859 2389 974 2527 pm
993 2406 1023 2528 a
1042 2389 1156 2517 ur

138 2530 243 2599 maras)
261 2476 332 2600 9²:⁹3
347 2547 377 2599 p,
396 2537 414 2593 3
433 2547 447 2584 c
466 2531 570 2599 (trappa
588 2533 606 2598 p
624 2476 766 2595 cn.⁹xu‚
786 2475 847 2585 mi.
883 2529 957 2597 xiv,
977 2504 1031 2586 aaa
1047 2533 1080 2586 a
1097 2533 1156 2587 ara

138 2603 176 2656 aot
194 2601 265 2655 idem
282 2603 369 2670 med).
442 2601 527 2669 lipari
546 2600 586 2669 (id
605 2602 647 2654 θεὴ
664 2600 778 2655 rotundi
796 2617 883 2670 snpra
896 2603 947 2671 p0).
1021 2605 1157 2673 lyspani

136 2689 163 2742 p,
183 2671 263 2741 spani
277 2688 323 2740 pc.
396 2678 413 2727 8
433 2687 534 2740 coques
552 2689 596 2742 pc:
617 2688 721 2740 coquas
734 2689 765 2740 p.
852 2672 969 2728 redeant
986 2691 1019 2742 p:
1038 2674 1157 2729 reddeat

137 2744 197 2810 (cic)
212 2759 244 2812 p,
262 2743 343 2797 rodat
361 2759 383 2797 θ.
455 2743 497 2796 ita
512 2773 545 2782 -
560 2742 659 2796 ardeat
677 2757 727 2796 om.
747 2759 777 2796 c..
842 2742 969 2810 ‘aliquas
986 2739 1070 2814 pcp.'
1120 2752 1156 2799 10

137 2829 295 2883 perungues
320 2830 351 2883 p,
379 2829 464 2882 —ges
490 2829 534 2881 pc.
626 2818 658 2867 11
687 2812 838 2882 alopiciam
865 2830 914 2884 pp,
942 2814 1105 2884 allopioiam
1130 2833 1155 2873 c.

139 2890 171 2938 12
186 2886 308 2938 scemate
321 2901 357 2955 pp
377 2885 508 2953 (stomata
523 2887 555 2954 c).
630 2889 662 2938 13
678 2883 800 2954 alopicia
813 2901 850 2954 pp
870 2885 1004 2953 (alopicia
1019 2916 1051 2926 -
1065 2885 1156 2942 flavos

137 2971 187 3010 om.
207 2958 240 3025 c).
313 2955 417 3024 accipit
430 2972 461 3025 p.
550 2960 583 3007 14
600 2953 687 3009 luerit
704 2958 802 3010 curata
815 2972 846 3023 p.
931 2957 1031 3010 tonuos
1049 2958 1109 3025 (sic)
1127 2977 1155 3030 p.
1239 2979 1240 2988 ¹

137 3042 267 3081 canosos=
285 3028 326 3080 sic
342 3043 387 3097 pp.
480 3030 512 3079 15
532 3025 607 3080 sicut
630 3025 758 3080 animalis
781 3026 930 3098 vulpeculp
956 3027 1111 3097 (mdpioula
1129 3032 1156 3098 c)
1239 3037 1240 3042 ’

136 3115 182 3168 pc:
206 3097 279 3152 siout
301 3097 451 3166 vulpecula
468 3114 499 3166 p,
599 3103 631 3150 16
650 3096 786 3166 alopecan
803 3114 822 3167 p
840 3097 920 3164 (-ca
936 3099 981 3166 p),
1000 3099 1157 3169 urlpioiam

138 3169 198 3237 (cic)
218 3185 239 3223 e.
332 3173 363 3223 17
384 3167 499 3223 Curatio
519 3198 552 3207 -
572 3170 616 3222 est
632 3184 665 3238 pc
684 3167 736 3236 (ita
754 3169 796 3222 est
814 3169 851 3235 c):
874 3167 987 3224 Curatio
1009 3169 1069 3224 eius
1087 3171 1156 3225 talis

138 3241 180 3294 est
195 3257 224 3308 p.
297 3239 419 3294 minutas
437 3239 484 3294 vel
502 3254 547 3309 pc:
566 3254 616 3292 om.
631 3255 662 3307 p.
738 3244 770 3293 18
790 3238 983 3295 scarilationas
1001 3258 1038 3313 pp
1058 3243 1157 3308 (seraf-

136 3309 284 3365 ficaciones
298 3312 331 3380 c).
403 3310 534 3365 laceratis
550 3311 608 3376 (cic,
628 3310 707 3364 -tas
722 3312 746 3376 c)
765 3308 845 3364 dabis
862 3327 892 3380 p:
911 3310 942 3364 in
958 3312 1028 3366 locis
1046 3311 1104 3367 illis
1124 3316 1156 3383 (l)

136 3380 229 3436 facero
242 3380 325 3436 iubeo
338 3397 358 3448 p
377 3382 593 3450 (‚‚lacsraturas“
612 3384 701 3434 serpat
720 3380 792 3434 Petr.
808 3396 829 3434 c.
845 3385 882 3450 3).
956 3381 1080 3438 amichas
1094 3386 1157 3453 (sic)

136 3469 208 3524 ppo.¹
270 3459 303 3506 19
321 3452 437 3521 frigebis
453 3468 481 3520 p.
1239 3457 1240 3464 ’
