2510 4020
462 268 679 332 ..25-

76 413 154 486 duas,
193 411 326 473 cimoliae
358 421 388 474 et
421 412 572 492 sulphuris
604 414 662 473 vivi
693 421 794 492 partes
831 413 974 496 singulas,
1010 414 1080 476 salis

75 501 216 562 modicum
243 519 312 562 cum
339 508 424 563 aceto
452 501 540 562 simul
566 510 647 562 teres
671 509 701 561 et
723 499 828 562 illimes.
870 501 958 563 aliud.
994 501 1079 582 buty-

76 608 136 651 rum
159 607 226 651 cum
245 589 305 650 sale
329 591 433 651 tritum
459 589 557 650 illines
580 597 611 650 et
638 607 729 668 super
751 589 847 651 lanam
871 590 1003 652 sucidam
1025 593 1079 651 im·

75 697 160 758 pones
183 685 214 739 et
234 677 347 757 ligabis,
385 677 471 739 aliud.
509 677 686 757 plantaginis
709 677 777 738 lolia
798 687 866 739 ante
886 679 956 740 solis
980 688 1080 740 ortum

76 766 190 828 collecta
213 784 281 827 cum
304 783 380 846 pane
403 785 492 847 posca
517 766 592 828 salsa
614 766 714 827 inluso
737 766 974 847 cataplasmabis:
998 775 1107 828 sanato

75 865 101 916 et
125 856 289 935 disrumpit.

155 943 233 1004 aliud
262 942 437 1023 cataplasma
464 943 501 1004 ad
529 942 718 1004 maturandos
745 944 904 1023 parotidas.
944 946 976 1005 in
1006 962 1082 1025 aqua

75 1031 161 1094 mulsa
193 1032 310 1113 adipem
341 1034 499 1112 porcinum
527 1033 627 1092 mittes
656 1038 686 1092 et
713 1035 842 1093 resinam
872 1032 1082 1095 terebintiuam

76 1121 228 1182 sufficienti
255 1120 356 1201 modo,
389 1128 419 1181 et
446 1123 477 1181 in
505 1137 565 1181 ιιιιο
593 1119 761 1202 consolves,
792 1129 824 1182 ct
851 1140 920 1183 cum
950 1124 1083 1203 coeperit

75 1207 172 1270 bullire
191 1211 293 1270 mittes
312 1207 438 1289 pollines
458 1210 550 1269 tritici
569 1209 855 1291 superaspergendo,
877 1217 908 1271 et
926 1211 1123 1272 inductum1⁰

74 1300 286 1378 praeceperatis
312 1296 449 1377 partibus
475 1315 512 1357 ex
540 1298 662 1376 spongia
695 1299 738 1357 sic
770 1316 910 1378 appones.
951 1307 982 1360 et
1014 1317 1083 1360 cum

74 1383 142 1446 bene
165 1387 393 1467 maturaverint,
416 1387 447 1447 in
466 1385 616 1446 schemate
635 1384 775 1447 loliorum
796 1385 873 1448 launi
896 1394 948 1448 aut
970 1394 1082 1467 myrtae

76 1473 216 1554 chirurgia
245 1476 340 1536 uteris
363 1481 394 1535 et
420 1482 489 1554 post
513 1476 676 1535 sectionem
699 1475 898 1536 communiter
920 1483 954 1536 ut
984 1484 1083 1536 cetera

75 1570 248 1641 apostemata
272 1561 404 1645 curabis,
435 1565 524 1624 etiam
547 1571 578 1624 et
601 1581 693 1643 super
715 1562 825 1624 tlltario
848 1563 900 1624 tali
922 1564 1082 1644 emplastro

75 1654 173 1734 uteru,
199 1652 259 1712 hoc
287 1660 333 1713 est
360 1651 515 1732 diachylon
538 1651 636 1732 411,
664 1669 749 1712 cerae
773 1665 807 1712 ÷
830 1651 884 1734 lll,
911 1651 969 1713 olei
999 1655 1083 1733 spani
1097 1664 1123 1705 1⁵

76 1739 145 1817 quod
173 1741 335 1802 suffecerit.
376 1739 429 1800 scd
457 1742 483 1800 si
510 1740 587 1801 fonte
616 1742 795 1800 cerularium
819 1758 909 1819 supra
938 1743 1084 1821 scriptum

76 1827 106 1887 ad
131 1846 274 1908 praesens
297 1830 418 1888 minime
446 1829 537 1889 luerit
564 1831 732 1909 inventum,
759 1830 897 1907 psittacio
924 1829 1083 1908 emplastro

75 1916 182 1995 uteris]

349 2038 450 2100 XVlll.
487 2040 536 2100 Ad
560 2039 808 2102 collectiones
1098 2051 1192 2104 (cais)

157 2165 355 2226 Collectioncs
378 2163 483 2225 Graeci
506 2171 688 2244 apostemata
715 2171 829 2225 vocant.
866 2173 1030 2226 nascuntur
1052 2167 1084 2226 in
1098 2178 1124 2218 2⁰

141 2323 155 2370 1
174 2318 246 2371 duas
259 2332 294 2386 p,
319 2316 353 2371 ΙΙ.
373 2332 395 2371 o.
504 2315 639 2385 quimolie
658 2333 685 2384 c,
696 2316 808 2442 lpmolie
831 2318 882 2384 (sic
899 2334 918 2388 p
936 2332 992 2386 pro
1010 2320 1038 2386 q)
1053 2333 1083 2387 p.

76 2388 102 2440 et
117 2403 165 2442 om.
181 2404 213 2457 p.
288 2385 397 2456 singule
412 2403 443 2456 p.
516 2393 616 2442 noum
632 2429 637 2440 .
654 2430 659 2442 .
676 2427 681 2439 .
699 2388 704 2400 '
720 2386 801 2442 lines:
821 2404 884 2442 cum
903 2391 984 2442 aceto
1002 2387 1086 2442 simul

75 2457 143 2512 tritis
164 2458 291 2514 illiniunt
314 2469 340 2525 a,
364 2457 448 2512 simul
469 2457 545 2515 ieris.
587 2461 617 2513 el
644 2473 708 2512 cum
735 2459 816 2512 aceto
843 2457 931 2512 illinis
951 2474 982 2526 p.
1068 2464 1084 2512 3

76 2527 198 2586 illinis..
215 2527 382 2598 .in(1)ponis
399 2545 446 2598 po.
536 2534 599 2584 uo.
624 2545 652 2597 p.
676 2527 706 2581 in
728 2544 816 2597 pusca
838 2528 912 2582 salso
936 2526 1029 2582 infusa
1056 2530 1086 2582 et

77 2601 276 2669 cataplasmata
294 2615 308 2653 c
327 2598 442 2670 (Patr),
466 2617 490 2654 c.
508 2616 535 2669 p.
554 2599 585 2653 in
602 2597 697 2668 panico
713 2596 782 2653 faula
799 2598 891 2653 infuso
906 2600 936 2652 el
949 2598 1086 2667 cataplus·

77 2673 146 2725 mato
163 2671 241 2726 facto
255 2687 286 2740 p.
378 2674 461 2725 sanat
479 2673 510 2725 et
526 2669 581 2739 di(s
592 2669 736 2739 o)rumpil:
755 2671 796 2724 sic
813 2686 846 2738 cp
866 2668 977 2738 (Pete).
1068 2676 1085 2725 8

76 2741 162 2796 resina
174 2740 352 2797 terebenlins'o
365 2748 378 2795 i
391 2741 520 2797 suffimen
534 2746 580 2795 mo
593 2757 616 2810 c,
630 2741 719 2796 resins
732 2738 891 2796 terbentine
901 2740 1086 2796 sufficientem

76 2812 184 2867 modum
198 2830 230 2882 p.
303 2817 319 2865 9
339 2811 484 2867 consola-es
503 2813 564 2882 (sic)
583 2828 625 2881 cp.
698 2817 727 2867 el
743 2828 807 2866 cum
825 2812 931 2882 ceperit
949 2811 1039 2866 bulire
1058 2828 1085 2867 c:

77 2880 117 2936 iac
133 2883 243 2939 bullire.
280 2886 391 2938 etcum
411 2883 511 2938 bollire
530 2882 636 2953 ceperit
649 2899 680 2952 p,
773 2888 806 2937 10
819 2884 915 2937 mittes
934 2899 960 2938 c:
988 2899 1038 2938 om.
1054 2899 1085 2952 p.

78 2955 103 3007 el
120 2995 126 3008 .
146 2996 152 3008 .
173 2995 179 3007 .
199 2970 325 3024 appones
349 2955 391 3008 cic
417 2955 484 3021 (misi
506 2956 579 3024 quod
600 2953 729 3008 indutum
757 2952 957 3024 prevaporabis
973 2995 979 3007 .
995 2997 1002 3009 .
1018 2993 1024 3007 .
1039 2970 1086 3008 ex-

77 3026 186 3096 pougia)
197 3042 224 3081 c:
239 3024 470 3094 etprevaporatis
479 3025 607 3094 portibus
617 3023 912 3094 expongiaindnclum
924 3039 1048 3094 appones
1053 3042 1085 3094 p.

80 3099 108 3147 12
121 3095 323 3150 maturaverint
331 3112 358 3150 c:
373 3093 446 3149 -ril
455 3112 486 3165 p.
553 3095 623 3150 lolia
632 3112 662 3166 p.
732 3100 765 3149 13
781 3098 810 3150 el
822 3097 904 3165 posi.
916 3135 922 3147 .
933 3137 939 3149 .
951 3098 1085 3164 osterap:

78 3167 105 3219 el
119 3166 259 3235 pressione
278 3167 342 3222 co'il'
361 3167 499 3221 uttrelora
517 3166 578 3235 (sic)
596 3183 620 3223 c.
702 3172 736 3221 14
754 3165 864 3221 cumbis
880 3197 914 3206 -
930 3167 986 3236 (15)
1000 3167 1044 3220 ost
1057 3183 1086 3221 c:

79 3249 124 3292 om.
134 3254 163 3307 p.
227 3254 291 3293 cera
300 3254 330 3307 p.
394 3237 487 3306 ispani
497 3253 527 3308 p.
592 3243 626 3291 16
636 3236 739 3293 sufficit
748 3253 789 3306 cp.
850 3242 1045 3305 lleppresens
1054 3253 1085 3306 p.

79 3306 206 3374 psillacio
229 3309 276 3376 (cf.
295 3309 375 3376 infra
392 3325 414 3364 c.
433 3312 496 3376 21)=
519 3308 620 3363 eilacio
640 3324 672 3376 p,
698 3309 839 3364 suiaoioc
864 3308 911 3374 (cf.
930 3307 1087 3376 soplaiicon

81 3375 171 3446 Patr).
235 3380 407 3449 emplnuslro
415 3378 545 3448 ulariep:
559 3378 802 3447 cmplnsiouerisc.
867 3378 1086 3448 1ouo.cap.111.

81 3447 112 3500 ad
126 3450 296 3505 collectionis
310 3467 336 3520 p,
354 3448 399 3504 Aa
413 3449 593 3504 collectiones
613 3456 645 3504 18
665 3466 688 3518 o,
706 3449 748 3503 De
765 3447 1017 3518 apostematibuap
1032 3447 1087 3516 (Ad

82 3518 254 3576 collectione
263 3523 321 3578 iod.
327 3524 370 3591 p).
436 3518 1085 3590 20supraepostematacorspaileruptionesffi.
