2452 4014
530 212 772 278 -146-

141 365 170 424 id
202 372 248 424 est
277 362 458 440 dimissoria,
490 367 609 440 oportet
640 359 806 438 cumprime
833 366 988 438 aegrotem
1016 359 1148 440 pdreleeo

142 450 235 514 calido
259 456 444 531 percoctum
471 449 567 510 levare
588 446 730 510 calidiori
753 445 872 510 leruro
903 465 940 508 ex
968 463 1043 528 eqni
1072 449 1148 512 doici

140 548 328 620 praeparato,
361 546 392 599 et
423 539 548 599 maxime
580 536 646 598 illos
676 535 860 596 lavacrorum
891 544 1053 618 amatores,
1077 557 1148 618 quos

141 629 248 690 Graeci
277 627 478 689 fiioiutruntes
509 624 666 706 appeliant.
712 631 742 685 et
773 633 934 704 postquam
964 625 1148 689 oolidioribus

114 718 224 780 ocellis
244 735 383 797 egressus
402 716 502 797 tuerit,
520 717 551 775 i·
570 715 714 792 piscinam
731 711 917 775 descendere
932 714 1034 777 tocies.
1065 718 1148 783 etiem

141 817 172 869 et
193 809 296 868 omnes
315 804 442 885 simplici
461 805 621 884 apozimate
644 801 820 882 prorooabis
839 821 876 863 ex
899 801 1073 866 decoctione
1095 807 1148 884 apii

141 905 172 957 et
204 897 297 976 aneti,
329 911 388 973 qne
421 895 515 972 possit
546 891 655 952 hnmor
687 890 736 952 ille
763 890 876 952 reditus
900 909 955 972 per
980 895 1082 954 urinas
1103 894 1147 954 de·

140 985 271 1064 purgari.
307 984 376 1044 vino
399 999 469 1042 vero
493 989 652 1061 antequam
670 980 824 1060 aegritudo
847 983 954 1060 pepsin
977 981 1066 1042 iaciat
1086 999 1147 1062 pro

101 1143 106 1156 ι
141 1070 266 1136 hibebis.
302 1077 460 1151 postquem
483 1087 554 1130 vero
577 1070 683 1130 iecerit
704 1070 825 1150 pepsin,
846 1077 938 1131 tenue
961 1079 992 1131 et
1014 1079 1148 1150 aquatum

102 1177 128 1216 ro
142 1160 297 1223 concedes.
339 1167 370 1221 et
393 1159 517 1220 moisem
545 1157 682 1238 frigidam
704 1156 761 1218 sub
789 1157 863 1218 hora
885 1161 1066 1220 accessionis
1087 1166 1151 1239 post

141 1251 267 1330 primam
294 1247 451 1329 periodum
478 1249 562 1328 potui
589 1245 686 1327 dabis,
714 1249 854 1326 qnoniam
881 1246 920 1308 iel
947 1246 1092 1329 meum,
1116 1265 1148 1308 er

143 1357 201 1418 quo
235 1355 323 1399 causa
354 1344 504 1419 movetur,
536 1353 629 1416 super
660 1353 764 1396 omnes
795 1333 938 1396 humores
969 1337 1001 1396 in
1029 1353 1149 1417 corpore

143 1429 220 1488 sicca
243 1436 273 1488 et
296 1443 394 1487 amara
417 1428 526 1486 virtute
549 1427 642 1505 riget,
663 1423 790 1502 ideoque
809 1432 952 1504 utsupra
973 1424 1150 1487 dictumest

142 1523 346 1595 competenter
379 1513 575 1578 humectando
609 1521 639 1574 et
670 1512 874 1592 refrigerando
908 1520 938 1574 et
970 1513 1150 1576 obdulcando

103 1619 128 1659 15
143 1602 268 1665 sanabis.
310 1604 353 1663 sic
382 1605 461 1663 enim
488 1603 586 1663 omnia
614 1601 771 1662 contrariis
799 1601 857 1662 sibi
882 1599 975 1662 rebus
1003 1611 1149 1664 curantur.

231 1692 356 1772 tysicum
375 1691 410 1751 ad
429 1698 532 1771 typum
551 1692 721 1752 tertienum.
757 1689 907 1751 coriandri
925 1692 1047 1752 seminis
1068 1709 1150 1772 grana

142 1780 183 1842 ΙΙΙ
206 1786 275 1861 post
297 1781 415 1842 tertiam
439 1779 485 1840 vel
508 1787 643 1859 quartam
666 1777 823 1858 periodum
848 1776 932 1841 dabis
955 1780 1102 1842 nescienti
1123 1781 1149 1839 in

142 1887 197 1930 oro
212 1868 359 1930 sorbenda
373 1876 441 1930 ante
461 1867 531 1930 solis
550 1876 649 1928 ortum
668 1873 736 1927 ente
755 1869 966 1949 accessionem,
985 1877 1015 1930 et
1030 1867 1151 1930 sanabis.

154 2063 157 2068 ·
186 2044 294 2144 ,LVffl'
331 2044 379 2106 Ad
403 2054 523 2124 typum
548 2045 745 2104 tertianum
768 2061 838 2105 non
861 2045 1101 2108 manifestum.

103 2186 129 2224 so
231 2167 297 2228 Non
316 2168 491 2229 manifestus
511 2170 656 2244 tertianus
675 2187 691 2228 a
709 2166 830 2229 Graecis
849 2167 960 2230 nothus
984 2171 1149 2250 appellatur.

143 2255 192 2317 hie
206 2265 295 2336 typus
310 2255 448 2317 sordidus
462 2256 609 2317 aGraeeis
625 2273 749 2337 ryparos
763 2256 926 2347 appellatus
936 2257 993 2319 suh
1010 2259 1149 2339 frigidiori

216 2469 229 2518 1
246 2466 285 2546 03·
293 2467 327 2517 ed
340 2443 405 2533 some
423 2464 551 2534 egrotum
565 2479 588 2531 e,
607 2463 720 2554 oportet
733 2464 862 2532 egreium
875 2463 966 2534 primo
981 2481 1012 2534 p.
1084 2464 1149 2520 idre-

142 2534 208 2591 leon
230 2533 354 2590 oelrdum
377 2551 403 2604 c,
431 2534 547 2604 ydrolee
571 2534 664 2604 (—le)
687 2533 780 2590 calido
797 2551 828 2604 p.
937 2542 954 2590 3
982 2536 1102 2607 pparaee
1125 2550 1149 2588 cz

144 2625 299 2694 temperem
313 2640 344 2694 p.
417 2630 435 2678 4
452 2614 606 2680 filoluonti
618 2639 657 2694 p,
675 2621 869 2679 ffloluiimidoe
886 2640 901 2679 c
918 2623 993 2692 (Gal.
1016 2625 1080 2694 XI,
1098 2623 1148 2690 34).

143 2695 208 2749 bin
226 2710 276 2750 om.
296 2711 336 2766 cp.
412 2693 483 2749 fecis
502 2711 544 2765 ep.
620 2695 707 2750 etiam
725 2725 761 2734 -
778 2695 945 2764 provocabis
964 2711 1015 2753 em.
1035 2713 1057 2753 e.
1135 2697 1148 2745 ⁷

142 2764 267 2820 etiamsi
285 2781 312 2834 c,
336 2768 366 2820 ei
383 2770 465 2834 enp
483 2767 524 2834 (et
541 2766 686 2835 anceps).
778 2765 853 2834 qood
871 2781 903 2835 p.
993 2767 1088 2822 mum
1111 2779 1148 2834 cp.

142 2834 236 2892 urinae
255 2852 281 2890 e:
299 2853 402 2892 -nnm
413 2853 446 2906 p.
555 2834 718 2908 depurgeri:
743 2837 891 2920 provocari
909 2837 970 2908 (cic)
989 2853 1030 2908 cp.
1133 2839 1148 2887 8

142 2905 242 3032 pepein
260 2911 309 2976 cpi
324 2909 396 2977 (posi
415 2911 480 2962 mm
497 2922 566 2964 eerr.
581 2910 623 2978 p).
694 2906 827 2977 fematp:
846 2907 916 2966 feeit
930 2925 951 2962 e.
1025 2904 1149 2979 9pepeio

154 2977 241 3033 eoerit
254 2994 284 3047 p.
359 2983 391 3033 11
411 2977 532 3050 primum
546 2996 587 3050 ep.
661 2979 793 3048 quoniam
803 2993 838 3050 p:
857 2985 914 3048 qur'e
928 2997 949 3034 c.
1024 2985 1057 3035 12
1071 2991 1148 3033 censa

143 3049 197 3117 (od)
216 3063 257 3118 cp.
332 3053 365 3104 13
383 3053 418 3104 ut
435 3081 467 3090 -
488 3052 545 3121 (14)
563 3050 754 3122 refrigerando
773 3067 800 3106 c:
819 3067 911 3119 emp.
985 3056 1018 3106 17
1036 3049 1148 3106 tercium
1209 3111 1210 3114 Ἴ

142 3119 187 3175 rel
207 3120 339 3189 quonium
357 3137 384 3177 c:
403 3120 451 3176 ΙΙΙ.
470 3121 517 3177 vel
536 3122 604 3178 .1111.
618 3139 649 3192 p.
721 3121 752 3176 in
768 3139 851 3178 ovum
866 3123 930 3191 (ovo
945 3123 970 3191 e)
986 3119 1148 3178 sorbendum

144 3190 228 3261 (-d')
243 3209 273 3262 p.
348 3197 381 3248 18
400 3208 426 3247 1.
445 3194 538 3249 orium
555 3191 622 3249 eolis
635 3211 667 3264 p.
739 3195 805 3249 ente
818 3194 900 3263 (ooo.)
907 3208 943 3262 p:
962 3194 1013 3248 out
1025 3209 1047 3247 e.
1117 3192 1146 3242 te

142 3261 185 3317 De
203 3280 259 3317 non
276 3262 426 3319 manifesto
442 3264 566 3321 tertiano
579 3281 603 3334 p
621 3267 664 3336 (tec
681 3280 734 3336 quo
751 3269 842 3320 tomen
855 3265 926 3320 mate
944 3263 1076 3320 anuadit
1092 3273 1146 3328 eap-

220 3334 583 3472 metatorem
601 3335 871 3463 concor
893 3352 951 3462 c

142 3420 301 3542 ⁸appelletur
319 3421 341 3530 ἔ
412 3474 596 3544 frigidissimo
610 3491 641 3546 p.
794 3448 800 3461 ⁹
1004 3422 1041 3477 pa
