2476 4012
531 220 772 286 -182-

144 367 267 430 utriculi
285 366 508 428 similitudinem
527 365 665 428 ostendit.
698 367 777 428 unde
793 383 903 428 nornen
920 367 1041 446 proprie
1060 368 1148 446 passio

144 459 267 538 ascites,
291 464 324 519 ut
342 455 416 536 dixi,
439 457 561 536 accepit.
599 457 782 535 tympaniten
802 454 965 534 hydropem
984 453 1057 516 haec
1077 457 1151 534 signa

145 554 297 607 secuntur.
338 546 518 606 insurrectio
545 547 658 605 ventris
686 550 716 604 et
744 544 886 605 distensio
915 537 1152 624 praecordiorum

147 643 176 696 et
194 652 337 696 venarum
356 633 528 695 subtractio.
566 640 595 693 et
619 636 682 713 ipse
707 650 722 692 a
746 651 836 712 supra
860 631 948 694 dictis
971 635 1070 695 miuus
1089 634 1151 694 sitit.
1214 693 1215 714 ,

118 723 302 803 raliqnando
322 725 411 784 etiam
430 724 583 802 peiorante
601 723 740 802 passione
763 723 841 784 tussi
859 723 1056 801 exagitantur.
1091 740 1151 782 nam
1214 789 1215 814 ,

145 811 324 892 generaliter
342 811 582 890 Hippocrates
606 809 744 872 omnibus
767 810 953 893 hydropicis,
974 810 1043 890 plus
1062 819 1152 871 autem
1214 831 1215 834 ¹

145 900 323 980 apulmone
351 899 547 982 patientibus,
573 901 605 960 in
633 900 781 960 alorismis
810 901 853 960 sic
881 901 935 961 ait:
964 898 1153 980 hydropicum

145 992 171 1050 si
194 991 285 1051 tussis
307 988 478 1066 obtinuerit,
500 987 557 1050 hoc
578 995 624 1049 est
642 990 842 1070 exagitaverit,
865 989 930 1050 sine
950 1006 1002 1069 spe
1024 989 1152 1050 eflicitur.

145 1079 256 1138 etenim
297 1080 404 1159 tussis,
446 1077 609 1140 secundum
655 1079 871 1157 expositionem
911 1077 1030 1158 Magni
1073 1079 1152 1138 iatro-

105 1182 131 1221 1o
145 1166 278 1247 solistae,
303 1168 329 1226 si
351 1165 547 1248 hydropicum
566 1172 600 1227 ut
618 1183 708 1247 snpra
726 1166 789 1226 dixi
808 1167 1009 1246 exagitaverit,
1032 1183 1153 1246 aquosus

145 1257 241 1316 omnis
273 1254 381 1316 humor
413 1255 597 1338 dissolvitur,
634 1265 668 1317 ut
702 1272 758 1335 per
790 1272 878 1317 omne
911 1273 1023 1335 corpus
1056 1255 1153 1316 eiiusio
1215 1301 1216 1334 ,

144 1344 299 1406 efficiatur.

233 1431 271 1493 ob
295 1432 476 1514 diligentiam
499 1452 570 1495 vero
594 1434 757 1495 curationis
780 1431 1009 1514 chamaedryos,
1034 1449 1154 1511 asarum,

144 1520 286 1583 elelislaci
305 1540 407 1583 semen
430 1522 460 1583 id
480 1531 526 1582 est
549 1520 658 1583 herbae
677 1521 797 1602 salviae,
821 1521 908 1582 dauci
929 1523 1036 1583 cretici
1060 1537 1154 1582 semen

104 1625 131 1666 15
143 1608 174 1670 id
202 1617 249 1671 est
275 1613 443 1689 pastinacae
471 1603 635 1690 hortensis,
662 1608 837 1691 petroselini
861 1609 1060 1692 macedonici,
1088 1611 1154 1670 feni·

144 1697 205 1759 culi
232 1699 376 1781 radicem,
407 1701 549 1779 graminis
576 1698 721 1781 radicem,
748 1698 821 1760 haec
850 1706 881 1760 et
908 1699 1101 1779 singulariter
1128 1704 1154 1758 ct

144 1786 233 1850 simul
265 1789 297 1848 in
330 1806 390 1849 nnc
418 1788 568 1867 decoqnes
595 1790 626 1848 in
656 1806 733 1868 aqua
764 1796 794 1849 et
826 1789 920 1867 ipsam
953 1786 1154 1850 decoctionem

144 1893 229 1938 mane
258 1883 289 1938 et
316 1876 352 1939 ad
376 1885 495 1939 noctem
521 1879 606 1957 potui
634 1876 726 1939 dabis.
764 1885 795 1938 et
819 1875 957 1940 excludet
980 1877 1026 1939 vel
1048 1879 1154 1938 inaniet

216 2088 229 2136 1
249 2083 364 2138 utriculi
377 2090 425 2153 12⁰:
444 2083 593 2140 ventriculi
608 2099 641 2152 cp
653 2084 701 2150 (cs.
716 2082 746 2140 0.
761 2083 797 2140 A.
807 2099 839 2153 p.
853 2088 927 2152 471).
1000 2083 1113 2154 proprie
1121 2098 1153 2150 p:

142 2152 288 2222 proprium
307 2171 328 2208 c.
402 2161 418 2208 2
437 2155 538 2210 ascitos
547 2171 581 2224 p:
601 2155 707 2224 absque
725 2155 854 2209 tenentes
868 2171 890 2210 c.
964 2154 1024 2210 dixi
1042 2171 1069 2209 c:
1089 2152 1152 2208 dixi·

143 2241 205 2277 mus
219 2240 250 2293 p.
341 2225 482 2294 Typsnile
500 2225 598 2295 idrope
617 2241 644 2292 c,
669 2225 820 2296 timpanitd
857 2223 1005 2296 dropicum
1020 2242 1051 2295 p.
1138 2228 1152 2276 3
1217 2245 1218 2250 “

143 2301 276 2376 secuntur
294 2311 319 2350 c:
338 2299 492 2364 sequuntur
503 2313 534 2366 p.
607 2297 669 2350 tel
682 2303 785 2352 veneni
803 2243 964 2353 subtractos
978 2313 1007 2364 c,
1025 2311 1153 2351 venarum

143 2367 278 2420 sumectro
292 2384 323 2435 p.
396 2385 414 2422 a
432 2384 452 2422 e.
472 2385 499 2422 c:
518 2366 555 2435 ed
576 2367 729 2436 supredc‘os
742 2385 773 2438 p.
864 2372 881 2421 ὅ
900 2368 971 2423 tussi
984 2385 1020 2438 p:
1039 2370 1116 2422 tusse
1132 2381 1151 2419 c.

142 2437 217 2491 Nom
235 2439 385 2506 ypocretes
403 2457 430 2509 g.
444 2455 480 2508 p,
499 2439 542 2494 Nc
559 2455 587 2508 g.
604 2445 676 2509 ypoc
695 2455 717 2494 c.
808 2437 888 2508 ep1⁹
906 2445 943 2495 avi
962 2455 980 2493 a
998 2438 1153 2509 pulmodc:

142 2510 218 2621 pl⁹ffaji
232 2545 393 2614 pulmonem
407 2563 437 2616 p.
520 2551 535 2599 7
554 2543 721 2626 emiorismia
740 2561 767 2613 c,
786 2546 907 2615 ephoris.
923 2562 946 2615 p
965 2543 1066 2615 (Hipp.
1085 2544 1107 2597 I
1108 2542 1153 2604 II,

142 2621 208 2675 7⁶2.
238 2617 273 2683 cf.
289 2621 343 2672 754
361 2617 460 2687 Line).
550 2615 717 2686 ydroproum
736 2632 762 2684 c,
786 2620 837 2671 -d
851 2634 873 2686 p
891 2619 935 2683 (tn
953 2633 1041 2686 marg.
1057 2621 1090 2742 ἕο
1109 2610 1153 2669 id

141 2688 267 2760 yd⁰p1lx).
357 2693 373 2742 8
393 2687 418 2742 si
435 2691 456 2742 t.
476 2687 690 2757 exagrenauerit
708 2681 728 2741 li
747 2688 776 2741 ei
795 2689 859 2758 (sic)
874 2691 879 2757 l
895 2687 1027 2743 obtinus?
1045 2688 1056 2756 (
1073 2683 1151 2755 πέχῃ)

142 2759 202 2814 aine
221 2776 270 2829 spe
289 2774 316 2824 c,
335 2758 358 2812 si
375 2759 396 2815 l.
416 2757 602 2830 exagitaverit
621 2763 663 2813 effi
682 2763 731 2828 epe
746 2774 778 2827 1⁰·
882 2765 898 2814 e
917 2759 1015 2830 magni
1033 2753 1151 2830 hyetto!

142 2847 215 2902 cisce
238 2863 265 2912 o,
293 2849 359 2916 mag
386 2847 466 2914 (corr.
490 2830 567 2917 mog)
592 2846 641 2902 hia
656 2849 661 2915 Ι
676 2847 766 2902 t⁰fiste
793 2847 812 2904 i.
840 2846 975 2918 sepientis
1005 2845 1107 2904 medici
1125 2861 1152 2913 p.

143 2922 176 2972 10
196 2917 253 2972 dixi
271 2917 356 2974 tussis
373 2919 430 2984 (it.)
447 2933 490 2972 ex.
565 2924 597 2972 11
613 2934 713 2988 corpus
730 2919 820 2974 omnia
838 2919 940 2974 humor
957 2918 1120 2974 dissoluitur
1133 2931 1152 2978 c,

143 2987 240 3044 Omnis
258 2989 359 3043 humor
377 3004 499 3057 aquosus
516 2989 624 3044 disoh‘x'r
637 3006 668 3059 p.
748 2995 780 3045 13
800 3007 867 3046 vero
885 3006 936 3046 ont.
955 3006 977 3043 c.
1066 3002 1151 3044 came·

142 3060 222 3117 dreoa
241 3076 351 3114 asarum
365 3060 430 3128 (alc)
443 3075 475 3129 cp
495 3061 562 3129 (scil.
583 3061 668 3116 cham.
687 3077 784 3129 conen,
804 3062 883 3118 osori
900 3061 1043 3130 radicem).
1122 3062 1152 3111 rt

142 3130 275 3201 elilialagi
288 3149 325 3214 p,
343 3129 418 3186 nlilis
435 3130 493 3186 faci
512 3147 534 3186 c.
624 3147 719 3188 semen
734 3149 770 3202 p,
788 3132 901 3188 seminis
920 3149 942 3187 c.
1033 3132 1053 3189 i.
1072 3128 1153 3185 herba

142 3202 266 3272 salviae,
285 3219 304 3258 n
324 3201 455 3272 salviep.
530 3207 564 3258 tc
578 3203 673 3258 radice
691 3219 715 3273 c,
732 3203 790 3260 rod‘
806 3221 837 3273 p.
910 3208 1016 3274 gmmis
1034 3202 1111 3258 rodit
1128 3215 1151 3254 c:

141 3290 239 3344 emp.
309 3267 668 3344 haecetzlipffletlo.
742 3273 1151 3341 tttninococtec,inono

142 3344 259 3400 decocto
273 3361 303 3414 p.
389 3343 431 3400 l'a
449 3345 602 3401 decocto-ne
621 3362 647 3412 c,
668 3344 731 3414 ipso
749 3346 866 3401 deeocld
880 3363 912 3416 p.
1004 3349 1037 3400 18
1057 3343 1117 3400 dari
1133 3357 1152 3404 a,

140 3414 186 3469 da..
206 3416 268 3482 (alc)
284 3431 315 3484 p.
388 3418 417 3471 el
430 3433 465 3485 p:
484 3433 534 3471 orn.
553 3433 576 3471 c.
648 3415 771 3472 excludit
784 3432 825 3485 cp.
897 3415 1018 3472 inaniet:
1041 3414 1151 3470 hamat

139 3500 169 3563 c,
187 3488 297 3554 iaialp
317 3487 363 3555 (12⁶
380 3488 412 3540 in
430 3503 516 3556 marg.
535 3486 644 3555 ierint).
