2510 4020
459 237 518 328 ¹-
557 282 606 352 ar
653 231 695 328 ζ-

86 433 132 486 aut
157 426 246 488 alicae
271 445 341 488 oum
363 426 479 488 modico
503 426 589 488 melle
617 427 793 508 despumato
820 430 937 491 ieiunos
966 429 1092 511 potabis,

87 525 133 576 aut
161 514 204 576 lac
227 518 382 595 caprinum
408 516 591 595 tepefactum
613 535 682 579 cum
705 517 865 580 sufficienti
888 517 975 578 melle
998 518 1091 598 dabis,

86 614 131 664 aut
156 603 255 684 butyri
281 607 412 666 recentis
438 613 539 684 partes
562 605 590 666 ll
616 605 713 668 mellis
740 606 906 687 despumati
934 615 1052 685 partem
1078 607 1092 667 l

85 694 112 752 in
137 711 197 754 uno
225 663 430 755 commiscebis
458 703 489 754 et
517 695 623 757 exinde
651 698 761 770 ieiunis
789 695 968 759 coclearium
999 714 1093 757 unum

87 781 171 860 dabis,
190 791 241 844 aut
255 785 319 844 ervi
336 781 421 844 rubri
439 783 558 863 pollinis
573 784 751 846 coclearium
766 785 779 846 l
797 804 866 847 cum
885 784 980 846 mulsa
999 783 1119 846 caudas

84 872 184 931 ieiunis
208 870 305 952 dabis,
328 879 359 932 et
381 875 461 932 vario
486 872 552 933 cibo
576 875 700 935 nutries.

166 961 191 1020 si
222 978 293 1021 vero
331 962 362 1020 in
394 969 479 1041 epate
516 961 563 1020 vel
594 960 717 1023 renibus
749 963 840 1024 luerit
873 964 973 1043 ruptio
1008 964 1093 1043 iacta,

84 1047 236 1110 diureticas
269 1066 357 1129 saepe
386 1057 563 1110 memoratas
590 1053 726 1130 potiones
760 1050 844 1112 dabis
876 1050 906 1111 id
940 1059 986 1112 est
1017 1069 1092 1130 quae
1152 1113 1158 1120 ,

83 1155 132 1214 per
153 1139 269 1198 urinam
293 1155 421 1218 purgare
444 1147 600 1200 noverunt
643 1147 673 1200 et
698 1148 857 1219 postquam
880 1139 956 1201 bene
981 1141 1093 1202 inerint

84 1224 176 1286 ulcera
208 1225 385 1306 depurgata,
419 1230 537 1306 trigono
569 1229 699 1290 uocisco
731 1231 762 1290 in
791 1231 961 1290 cicatricem
991 1229 1133 1290 duces.10

86 1316 125 1374 sin
147 1332 216 1375 vero
241 1315 272 1374 in
300 1314 424 1376 renibus
447 1315 494 1376 vel
520 1318 553 1377 in
575 1319 672 1378 vesica
696 1317 788 1378 luerit
810 1317 1092 1380 ulcerationiscau·

84 1403 163 1484 satio,
186 1401 235 1464 dia
265 1403 410 1482 lysalidon
433 1407 596 1466 trociscum
619 1404 703 1468 dabis
726 1423 815 1485 quem
838 1406 964 1467 inferius
987 1408 1018 1466 in
1041 1423 1092 1466 nc·

85 1491 180 1552 iretioa
202 1493 342 1571 passione
366 1495 606 1573 conscripsimus.

362 1651 452 1714 llllll.
489 1653 537 1713 lu
561 1653 812 1716 carbunculos.

164 1775 345 1838 Carbunculi
373 1795 449 1856 quos
472 1776 578 1838 Graeci
606 1778 762 1839 antbraces
792 1787 898 1840 vocant
922 1779 1092 1839 efficiuntur
1107 1792 1133 1832 1⁵

59 1881 115 1936 ,ex
138 1865 302 1926 influxione
330 1867 483 1944 sanguinis
512 1865 683 1926 calidissimi
710 1875 740 1927 et
767 1868 845 1946 nigri
877 1874 907 1927 et
936 1869 1092 1927 crassioris

84 1951 268 2015 substantiae.
311 1955 421 2014 etenim
453 1952 620 2015 membrum
654 1957 685 2014 in
719 1972 777 2034 quo
810 1954 923 2015 validus
951 1954 1018 2015 talis
1048 1957 1091 2016 in-

83 2039 194 2102 luxerit
220 2043 355 2121 sanguis,
385 2045 516 2102 inuritur
545 2050 574 2102 et
604 2041 769 2104 ulceratum
793 2061 907 2104 scaram
931 2044 1009 2105 iacit.
1040 2063 1092 2104 na·

84 2139 200 2191 suuntur
230 2132 262 2190 in
285 2137 347 2191 toto
372 2149 512 2212 corpore,
539 2132 714 2211 frequenter
737 2140 837 2193 tamen
860 2132 1037 2216 musculosis
1060 2135 1092 2194 in

83 2216 148 2280 locis
175 2227 204 2281 et
234 2218 459 2280 membranosis.
500 2218 656 2298 aliquando
684 2230 715 2283 et
742 2221 906 2302 appellatur
929 2240 946 2281 a
971 2221 1091 2282 Graecis
1105 2236 1132 2276 20

74 2307 251 2370 anthraciou
271 2307 415 2386 singulari
437 2326 546 2388 genere
567 2311 766 2390 nominatum,
789 2313 814 2370 si
834 2310 954 2390 quidem
972 2313 1002 2370 in
1026 2313 1091 2389 ipso

147 2485 161 2532 1
180 2479 291 2534 ieiunus
311 2478 416 2550 (ieiuno
430 2479 463 2549 p)
481 2479 593 2548 potabis
611 2495 670 2549 pop.
744 2487 760 2534 3
779 2480 872 2548 buby(i
890 2480 959 2551 epiri
976 2498 1002 2550 p.
1075 2487 1093 2534 4

83 2546 182 2604 inuno
206 2553 267 2620 (uio
291 2553 316 2618 e)
340 2551 503 2606 commisces
526 2566 585 2619 pop.
698 2558 716 2605 4
739 2557 764 2605 et
786 2558 802 2604 6
825 2551 1042 2620 ieiunum-11⁹)
1065 2570 1092 2624 p,

83 2625 148 2673 -nd
166 2639 194 2688 c,
213 2639 286 2676 —no
304 2627 331 2691 pss
441 2621 566 2675 cocleare
588 2639 676 2676 unum
694 2639 724 2692 p,
750 2621 842 2675 coel'r.
861 2622 881 2677 I.
902 2624 984 2692 οφ).
1076 2631 1092 2679 b

83 2691 146 2744 ervi:
164 2693 215 2747 bei
229 2709 251 2763 c,
271 2692 358 2766 herbe
375 2708 401 2762 p,
419 2690 501 2747 herbi
513 2708 543 2761 p.
617 2693 734 2750 coclear.
748 2693 770 2750 Ι.
783 2693 854 2762 (bic)
867 2709 892 2763 p,
908 2694 999 2748 cocl'r.
1014 2695 1035 2749 I.
1050 2711 1091 2765 cp.

83 2764 199 2819 duntur
219 2779 280 2835 pop.
354 2762 476 2834 trupbio
495 2763 581 2817 luerit
598 2763 675 2819 facta
689 2781 730 2834 op.
803 2768 819 2816 8
839 2782 905 2835 sepe
923 2769 1092 2822 memorales

83 2833 206 2898 pociones
221 2852 243 2905 c,
263 2851 329 2904 sepe
347 2851 464 2904 poscens
484 2835 527 2903 (irs
544 2851 630 2905 usurp.
650 2852 719 2891 corr.
737 2837 849 2906 potoris)
872 2840 1041 2892 memoratas
1055 2856 1090 2909 p:

83 2917 126 2959 om.
139 2922 163 2975 p.
252 2912 268 2962 9
286 2907 373 2962 novel
387 2923 428 2976 pc.
518 2903 623 2961 luerint
640 2907 735 2962 ulcera
752 2907 824 2963 bene
842 2907 999 2978 depurgata
1017 2911 1091 2979 (pur-

83 2975 144 3041 gata
156 2980 190 3048 p)
209 2994 251 3048 op.
339 2983 372 3032 10
390 2977 469 3032 ducis
487 2993 546 3045 ρῳ.
631 2983 662 3032 11
683 2978 726 3033 sin
743 2995 774 3048 p:
794 2979 817 3034 si
836 2996 876 3048 ep.
949 2980 1092 3050 vessicap

84 3047 180 3111 (vesica
198 3055 249 3120 cp).
325 3054 357 3103 12
372 3046 560 3103 dicfisallidon
574 3065 604 3118 p:
623 3049 670 3104 dia
683 3049 835 3106 fasildidon
849 3068 871 3116 c,
885 3050 1048 3105 diaflsaldcd
1059 3068 1091 3120 p.

83 3116 211 3175 nebetica
229 3137 259 3191 p:
277 3119 416 3176 frenetica
433 3121 542 3189 (-eam
556 3124 590 3190 p)
609 3137 650 3190 ep.
734 3127 765 3175 13
784 3127 913 3192 passrone
933 3137 974 3190 cp.
1057 3127 1091 3177 14

84 3187 120 3241 tu.
133 3187 177 3244 Ad
191 3209 213 3245 c.
228 3208 272 3261 pe:
292 3191 334 3246 De
354 3189 529 3248 carbunculis
538 3208 569 3261 p.
644 3195 676 3246 15
692 3191 880 3248 carbunculos
900 3198 963 3246 cate
980 3208 1050 3248 corr.
1064 3210 1090 3262 p.

84 3261 225 3317 aubaches
243 3279 269 3333 p,
288 3263 420 3318 subrubea
438 3280 460 3331 c,
480 3265 593 3317 autam
607 3279 638 3332 p.
747 3263 917 3318 efficiuntur:
937 3263 971 3330 ef.
992 3263 1088 3318 Galea.

82 3329 190 3402 (therap.
209 3335 246 3388 od
264 3333 322 3403 Gi.)
340 3333 387 3402 XI,
408 3340 450 3388 76.
525 3339 557 3386 ll
576 3334 607 3388 in
625 3350 681 3404 quo
699 3335 762 3403 (sio)
779 3351 838 3405 pop.
931 3339 964 3387 18
982 3335 1089 3390 ulcera·

84 3398 124 3470 bur
137 3444 143 3456 .
158 3445 164 3457 .
180 3443 186 3457 .
201 3404 307 3460 faciens
327 3421 348 3473 e,
368 3405 510 3460 ulceratus
526 3445 532 3458 .
548 3446 555 3460 .
571 3447 577 3461 .
591 3405 660 3460 facis
675 3421 707 3474 p.
780 3423 887 3461 scaram
904 3423 949 3476 pp,
970 3405 1046 3460 icara
1065 3423 1089 3460 c.

85 3473 113 3522 21
132 3476 295 3532 antraebiou
312 3492 358 3546 pp,
376 3475 525 3531 anuahion
541 3491 563 3530 c.
636 3475 811 3531 nominatum
830 3476 1031 3532 carbunculum
1048 3492 1089 3545 po,

86 3542 159 3598 -bus
181 3547 292 3617 —losp
312 3548 408 3616 (debui
426 3546 644 3617 carbunculum).
