2452 4014
545 237 765 302 ..94-

148 387 229 446 riosi.
265 402 334 446 nam
357 392 388 446 et
414 384 538 464 dyspnia
561 402 577 444 a
601 383 722 444 Graccis
745 381 855 444 dicitur
880 381 911 444 id
935 391 983 444 cst
1004 381 1160 449 difficultas

146 474 366 554 respirationis,
388 480 419 534 et
442 471 599 554 orthopnia
622 471 708 534 aliter
730 470 854 547 dicitur,
885 473 912 534 s'i
934 472 1055 551 quidem
1077 485 1159 538 recto
1222 505 1223 558 y

147 562 295 627 schemate
318 563 450 623 iacentes
468 561 679 642 praefocantur
698 563 819 640 aegroti
856 569 887 624 et
906 569 952 622 est
974 563 1073 642 passio
1093 581 1159 626 reu·

146 653 301 712 matismus
328 649 365 710 ab
393 651 502 712 arteria
529 649 664 712 defluens
692 651 722 710 iu
745 649 931 731 pulmonem,
958 650 1038 714 unde
1062 651 1159 716 subito
1219 641 1224 656 ¹

119 741 182 801 sad
214 739 413 820 digestionem
444 737 580 799 cibomm
611 737 780 800 laborantes
817 741 929 818 gravati
961 738 1098 802 malfiunt
1129 751 1160 804 ut

146 832 235 891 ctiam
257 829 348 888 nimia
377 827 508 888 thoracis
535 827 729 907 oppressione
752 825 894 906 frigldum
916 843 1018 888 aerem
1040 828 1159 892 haurire

146 919 274 996 cupiant.
318 923 349 977 et
371 916 405 976 lit
426 914 474 976 vel
496 918 629 977 nascitur
651 933 687 975 ex
711 915 900 977 antecedenti
921 917 1072 996 profunda
1095 937 1158 998 per·

145 1006 284 1066 frictione
303 1012 384 1065 etex
403 1003 497 1066 multo
516 1003 583 1065 cibo
602 1012 725 1084 accepto
744 1013 774 1065 et
792 1002 990 1084 indigestione
1011 1005 1160 1087 frequenti

146 1103 176 1155 et
197 1092 327 1174 plurimo
350 1092 520 1154 concubitu.
710 1105 711 1110 ’

105 1195 132 1236 ιο
234 1183 397 1243 curationis
428 1189 563 1262 tempore
596 1182 622 1242 si
658 1179 778 1260 grandis
810 1183 939 1261 impetus
971 1183 1065 1244 fuerit
1098 1203 1159 1265 pas·

145 1272 237 1332 sionis
267 1279 297 1332 et
324 1270 523 1351 plathoricum
553 1288 662 1350 corpus
690 1278 830 1349 aegrotus
858 1269 1025 1333 ostenderit
1055 1273 1089 1334 id
1117 1283 1159 1336 cst

144 1359 333 1422 multitudine
358 1361 423 1422 suci
445 1359 581 1440 plenum,
603 1361 636 1420 iu
658 1357 780 1419 brachio
803 1358 1016 1421 flebotomabia.
1058 1361 1115 1424 sed
1136 1365 1159 1424 si

144 1449 221 1510 forte
244 1450 352 1510 virium
374 1447 562 1510 imbecillitas
585 1446 632 1508 vel
655 1448 759 1508 aetatis
787 1454 839 1507 aut
867 1450 1011 1528 temporis
1034 1450 1159 1529 qualitas

143 1537 295 1599 flebotomi
318 1554 405 1598 usum
428 1535 630 1617 prohibuerit,
659 1538 738 1597 iuter
762 1535 897 1617 scapulas
921 1539 1000 1599 circa
1023 1539 1158 1619 spondyli

104 1641 130 1680 rs
144 1626 242 1686 locunt
275 1623 428 1686 scarifabis
460 1632 490 1685 ct
520 1642 576 1704 per
607 1623 780 1686 cucurbitae
814 1633 933 1704 raptum
962 1625 1159 1690 sufficientem

144 1716 319 1793 sanguinem
350 1712 497 1775 deuahes.
543 1720 574 1774 ct
606 1715 633 1774 si
664 1730 701 1774 ex
732 1715 825 1774 nimio
856 1714 969 1793 frigore
1001 1719 1159 1796 contigerit
1217 1768 1221 1795 ,

142 1803 249 1864 hiemis
271 1811 408 1883 tempore
430 1801 572 1884 faciente,
595 1800 714 1863 sacculo
733 1800 875 1863 calefacto
893 1820 931 1863 ex
954 1804 1048 1864 tritici
1066 1805 1159 1866 farina
1218 1798 1220 1876 ζ

144 1901 174 1953 et
210 1894 272 1953 ervi
304 1894 336 1953 in
367 1891 541 1952 decoctione
574 1889 719 1952 marrubii
755 1899 898 1952 concocta
933 1889 1158 1971 diligentissime
1220 1909 1221 1912 ’

142 1980 299 2060 vaporabis
321 1982 400 2042 circa
424 1980 624 2061 stomachum,
651 1987 682 2040 et
710 1985 807 2040 totum
832 1987 939 2060 pectus
965 1979 1071 2042 subter
1095 2000 1157 2062 per·

103 2084 129 2124 ao
143 2086 259 2148 ungues
282 2068 441 2130 chalastico
465 2069 659 2148 superiorein
681 2069 819 2148 passione
843 2069 970 2130 tetanica
992 2077 1156 2132 memorato

142 2159 265 2237 cyprino
289 2155 354 2217 oleo
376 2155 524 2237 resoluto,
548 2164 668 2236 etpost
691 2157 911 2235 vaporationem
940 2156 1016 2236 lauis
1039 2158 1157 2220 mundis

142 2248 261 2325 operies
285 2253 314 2306 et
337 2243 482 2305 fasciabis.
1216 2216 1220 2268 l

231 2333 424 2395 electuarium
453 2332 500 2392 dia
528 2341 561 2393 tu
590 2331 667 2393 silflu
695 2351 712 2392 a
736 2331 857 2394 Graecis
884 2333 1064 2413 appellatum
1094 2335 1157 2416 dys·
1217 2396 1220 2405 ,

141 2424 257 2504 pnoicis
286 2423 474 2484 conveniens.
517 2423 624 2501 recipit
646 2429 746 2482 autem
765 2420 889 2501 squillae
908 2421 999 2484 medii
1020 2431 1051 2484 et
1074 2426 1158 2505 ysopi
1217 2414 1221 2476 l

101 2531 127 2570 as
142 2525 176 2575 ÷
200 2512 299 2593 binas,
321 2513 435 2573 urticae
459 2510 581 2572 sentinis
605 2517 636 2570 et
657 2508 729 2589 polii
748 2511 851 2571 cretici
871 2525 905 2572 ÷
927 2510 1068 2595 singulas,
1092 2512 1157 2574 sildi
1219 2510 1220 2554 ἕ

213 2647 359 2718 tdipsnie
376 2648 438 2715 (aie)
456 2663 503 2718 pc,
522 2645 613 2701 duria
626 2661 657 2714 p.
747 2645 777 2699 id
796 2648 852 2700 eat:
871 2647 900 2702 .Ι.
919 2662 967 2716 pc,
985 2645 1049 2715 19.
1142 2652 1156 2700 t
1216 2648 1221 2693 l

140 2719 271 2790 ortopnia
288 2734 320 2788 9,
339 2717 449 2773 ortonia
467 2732 495 2787 o,
519 2719 613 2772 orteia
630 2715 775 2785 (-tomia)
790 2733 820 2785 p.
894 2716 1111 2787 aprefocantur
1127 2734 1156 2788 p:

139 2791 274 2845 -cuntur
288 2805 329 2858 cp.
402 2788 600 2844 reumatismus
613 2803 654 2858 pc,
673 2803 754 2842 -mo
764 2803 795 2856 p.
868 2787 1040 2857 bgravatim
1057 2788 1157 2844 alfiunt

139 2861 201 2930 (sic)
214 2876 239 2930 9.
310 2857 542 2930 iperfrigatioue
552 2875 582 2928 p.
653 2857 877 2929 ltpleotorioum
936 2862 1156 2929 mooucorrp.

142 2938 175 2987 14
193 2950 206 2988 a
227 2930 316 2986 ondili
333 2945 359 2999 9,
379 2929 455 2986 -lie
472 2946 495 2997 e,
514 2929 652 2984 -fioram
666 2946 697 2998 p.
770 2935 804 2984 lo
822 2929 894 2985 scari
914 2929 992 2986 cabis
1006 2946 1049 2998 cp.
1124 2935 1155 2984 ll

139 2949 235 3058 accolo
256 3019 278 3058 e.
352 3006 385 3056 18
400 3000 481 3058 berbi
493 3003 523 3057 in
540 3001 567 3056 d.
581 3017 618 3071 99
631 3000 797 3070 (herbarum
810 2999 975 3057 decoctione
988 3001 1023 3071 e).
1098 3017 1156 3056 ma·

138 3073 257 3130 rubii.
331 3076 465 3129 concocta
481 3089 512 3144 p:
534 3072 651 3127 decocta
669 3088 696 3139 e,
721 3074 836 3136 zcocta
849 3089 879 3141 p.
963 3077 996 3126 19
1016 3073 1116 3128 subtus
1134 3088 1154 3127 c

139 3151 206 3200 too
267 3143 325 3200 tico
342 3159 402 3215 pop.
475 3144 695 3199 commemorato
713 3159 735 3198 c.
808 3149 841 3198 21
862 3142 970 3212 ciprino
987 3159 1048 3226 pop.
1121 3147 1154 3198 tt

139 3215 231 3286 operia
254 3232 313 3286 pop.
387 3221 421 3272 23
439 3213 632 3271 Elaotuarium
650 3229 677 3282 o,
701 3212 910 3272 electarium.
1002 3213 1154 3270 drataailllt'a

25 3281 29 3289 “
139 3287 251 3356 l—fium
265 3289 290 3358 c)
304 3302 364 3357 pop.
433 3287 509 3354 1411
523 3289 583 3357 (orn.
598 3287 755 3362 autemlep.
823 3303 853 3339 m
889 3283 948 3340 ium
960 3300 994 3355 9ο
1007 3284 1104 3353 (medii
1113 3287 1153 3354 p).

137 3375 256 3429 ysopum
279 3374 297 3428 9
324 3357 402 3428 (-pi
424 3358 477 3427 ep).
586 3354 1153 3427 tc÷(⁷‚·c)binesyc=a1·1.5.11.
1219 3393 1220 3420 ,

138 3445 233 3485 semen
245 3446 286 3500 ge.
355 3429 462 3499 polium
477 3428 611 3484 creticum
625 3443 643 3497 9
657 3427 738 3498 (polii
751 3426 849 3482 cretici
861 3427 914 3497 cp).
978 3446 999 3483 a.
1014 3442 1108 3482 semen
1121 3440 1153 3497 pc

138 3501 214 3568 (boec
231 3502 272 3558 aie
289 3500 365 3557 dedit
379 3517 413 3570 pr
437 3498 527 3555 urtice
554 3497 668 3555 seminis
689 3497 761 3569 polii
783 3497 848 3554 silfii
871 3496 986 3554 seminia
1005 3503 1049 3553 ari.
1068 3500 1093 3565 ἡ
1112 3496 1151 3564 Ι.)
