2476 4012
466 239 710 307 —193-

164 385 252 446 allud.
290 387 388 447 resina
412 385 486 446 irixa
511 386 610 446 suffita
632 394 683 447 aut
705 388 735 447 in
759 386 907 466 pecudum
930 387 977 448 rel
998 386 1090 449 boum

186 473 344 554 galbanum
362 473 509 556 suillium,
531 481 582 536 aut
600 471 764 536 elleborum
783 477 902 555 nigrum
920 484 971 537 aut
989 486 1089 557 styrax

66 571 124 624 aut
154 563 214 624 vini
243 563 309 625 laex
337 563 436 624 collita
464 577 523 624 oon
552 563 647 624 solum
675 563 821 626 secundas
849 563 1008 626 mulierum
1035 565 1089 626 sed

66 655 164 713 etiam
188 651 267 713 letus
290 659 424 712 mortuos
448 651 586 714 excludit.

162 743 235 802 item
259 742 350 819 potio.
386 743 444 802 tria
467 754 557 821 grana
580 741 616 802 de
639 739 736 802 medlo
755 743 824 802 citri
847 741 932 803 tolles
956 751 985 803 et
1008 750 1117 804 tersas

65 839 100 890 et
125 845 196 890 curn
218 829 340 908 potione
364 844 456 909 aquae
480 824 591 892 calidae
614 828 711 911 dabis,
740 838 769 891 et
797 832 940 893 continuo
963 829 1088 894 curabit.

243 987 384 1050 LXXXll.
421 988 469 1049 Ad
494 991 720 1069 emorragian
743 991 915 1052 matricis.

161 1111 294 1174 blatricis
316 1115 501 1192 emorraglao
524 1111 615 1175 latino
639 1129 777 1174 sermone
799 1116 951 1194 sanguinis
974 1114 1087 1176 durium

66 1203 115 1264 rel
141 1201 323 1282 profluvium
344 1201 479 1264 dicimus.
516 1211 547 1264 ct
565 1209 611 1264 est
632 1204 731 1282 passio
752 1199 938 1278 incurabilis,
962 1206 1086 1265 maxime

68 1293 95 1354 si
119 1291 203 1370 longi
226 1292 369 1370 temporis
389 1293 428 1352 sit
451 1299 480 1352 et
499 1310 536 1352 ex
554 1289 742 1352 antecedenti
764 1292 915 1370 frequenti
932 1291 1086 1358 aboatioue
1102 1306 1129 1345 1⁰

65 1388 98 1442 et
123 1377 293 1440 secumdum
314 1379 504 1459 putredinem
528 1380 704 1440 arteriarum
727 1379 819 1442 fuerit
842 1389 948 1440 creata.

161 1466 201 1528 ob
228 1465 411 1547 diligentiam
439 1485 507 1529 vero
536 1467 700 1534 curationis
727 1474 846 1548 oportet
873 1469 903 1528 ln
930 1469 1087 1551 principio,

67 1564 232 1636 antequam
255 1556 352 1636 passio
373 1563 507 1636 tempore
531 1556 673 1618 diuturno
694 1563 870 1636 veterescat,
891 1575 928 1618 ca
945 1556 1086 1620 adbibere

67 1665 147 1726 (quae
177 1644 291 1706 valeant
320 1647 429 1706 virtute
458 1647 583 1726 styptica
610 1646 708 1706 omnia
736 1644 832 1708 soluta
859 1645 1010 1708 densando
1041 1645 1087 1708 vel

67 1733 304 1812 constringendo
327 1752 445 1814 sanare,
467 1733 524 1794 hoc
547 1742 593 1795 est
616 1752 714 1794 rosam
733 1736 855 1815 siccam,
878 1734 1086 1796 lenticularum
1101 1747 1128 1788 1⁵

67 1825 208 1884 luriones
231 1821 354 1902 virides,
382 1829 508 1902 myrtam
530 1824 655 1903 siccam,
683 1821 806 1900 siliquae
834 1840 957 1902 graecae
988 1822 1085 1884 aridos

67 1910 203 1972 ramulos
232 1918 261 1972 et
288 1909 433 1971 caducum
462 1918 609 1989 granatae.
651 1911 748 1970 omnia
775 1911 807 1971 in
835 1928 894 1971 uno
923 1912 1013 1972 mixta
1036 1910 1086 1971 de·

67 2017 184 2078 coques
204 2017 239 2060 ex
259 1997 373 2060 duabus
391 1997 526 2079 partibus
545 2015 638 2077 aquae
662 2007 692 2059 et
711 2016 770 2059 una
793 1999 862 2079 vini,
885 2007 915 2060 et
937 2008 1085 2079 ptygmats

67 2088 209 2150 confecto
238 2087 394 2167 diligenter
423 2086 614 2169 lomentabis,
641 2094 672 2148 et
694 2088 799 2149 inicies
821 2106 859 2149 ex
881 2089 946 2167 ipso
968 2086 1085 2168 liquore

67 2179 180 2258 supino
199 2175 349 2238 schemate
368 2178 478 2238 iacenti
493 2175 619 2257 pedibus
638 2176 807 2257 patefactis,
825 2175 979 2256 subposito
1000 2178 1085 2257 prius
1099 2189 1127 2228 2⁰

67 2263 211 2329 clunibus
243 2264 380 2326 cervicali
413 2273 446 2326 ut
477 2283 566 2326 renes
598 2266 737 2344 patieutis
769 2283 889 2327 sursum
922 2267 1084 2347 erigantur,

66 2353 152 2435 quod
181 2352 286 2415 Gracci
313 2362 476 2433 anatrcpen
502 2353 613 2414 dicunt.
656 2360 729 2414 tunc
756 2371 880 2414 mannae
904 2356 992 2435 turis,
1023 2353 1082 2414 alu-

146 2494 160 2542 1
180 2488 227 2544 vel
243 2488 328 2545 boum
352 2489 400 2544 vel
422 2504 502 2545 sones
522 2490 612 2553 (senes
625 2489 658 2556 p)
683 2487 835 2557 galbanum
854 2487 918 2555 (aie)
936 2504 977 2557 cp.
1068 2494 1083 2541 2

66 2559 188 2632 galbani
206 2559 290 2616 sustin
306 2561 370 2628 (sic)
391 2577 413 2616 c.
498 2557 573 2628 nigri
590 2574 613 2614 c.
698 2556 782 2612 stirac
801 2573 827 2624 c,
847 2556 949 2613 stirace
962 2574 993 2628 p.
1067 2565 1083 2613 3

67 2629 239 2687 secundinus
253 2648 284 2700 p.
370 2636 387 2685 4
406 2648 427 2686 s.
447 2631 476 2685 et
493 2630 618 2685 mortuos
637 2629 711 2684 letus
726 2645 756 2698 p.
842 2633 858 2683 b
878 2628 920 2683 Ite
940 2645 966 2697 c,
988 2644 1037 2683 om.
1053 2645 1083 2698 p.

67 2710 183 2770 taqua
201 2701 294 2756 calida
312 2718 334 2757 c.
416 2699 522 2756 carebit
540 2717 581 2770 cp.
669 2699 747 2755 iAd
765 2698 908 2770 emorogio
926 2699 1085 2755 matricisc

68 2773 144 2841 (ind.
159 2774 208 2840 p),
227 2772 268 2827 De
286 2771 362 2827 fluxu
381 2771 505 2828 matricis
517 2789 549 2843 p.
639 2776 657 2826 8
675 2771 819 2840 emorogia
837 2787 864 2840 c,
883 2770 1040 2840 emorrogia
1053 2788 1084 2840 p.

69 2850 105 2898 10
132 2842 156 2896 si
179 2842 263 2912 longo
288 2844 415 2912 tempore
439 2843 477 2898 sit
501 2861 528 2912 e,
559 2841 584 2897 si
607 2849 620 2895 i
645 2843 709 2909 (sic)
737 2841 816 2912 longi
840 2841 975 2911 temporis
1000 2842 1033 2898 fit
1053 2859 1084 2911 p.

67 2913 213 2982 frequenti
232 2943 264 2954 -
284 2913 436 2968 seeundum
454 2931 504 2969 om.
524 2930 547 2970 c.
628 2912 774 2968 aborsiona
788 2930 820 2982 p.
907 2918 938 2967 13
957 2915 1084 2983 tempore

66 2987 172 3041 diurno
191 3002 218 3054 c,
237 2985 368 3040 diuturno
386 2987 511 3055 tempore
525 3003 557 3054 p.
647 3001 681 3038 ea
703 3001 753 3039 om.
777 3001 804 3054 p.
897 2989 929 3037 14
951 2983 1085 3039 virtutem

67 3053 219 3125 stipticum
235 3073 263 3126 p.
369 3061 401 3110 15
420 3073 484 3112 rosa
502 3057 552 3125 (ro.
566 3058 600 3126 p)
619 3053 693 3110 sicca
711 3071 752 3124 cp.
861 3061 894 3110 16
913 3054 1037 3111 tutiores
1056 3071 1083 3110 c:

67 3133 191 3202 situtae·
201 3161 232 3214 p.
295 3144 381 3200 mirto
399 3142 483 3210 (sicca
500 3159 551 3197 om.
566 3145 590 3210 c)
607 3159 647 3212 cp.
714 3149 744 3197 17
764 3160 857 3200 remos
872 3159 893 3198 c.
966 3147 1084 3213 grauate

68 3234 114 3286 ep.
187 3233 255 3271 uno:
274 3216 341 3270 uino
360 3232 400 3286 ep.
473 3212 560 3268 mixto
569 3230 606 3284 p,
625 3214 742 3269 mittsc.
815 3215 939 3283 decoque
954 3231 975 3270 c.
1050 3220 1083 3268 18

68 3304 149 3356 aqua
167 3288 196 3342 et
216 3287 281 3341 vino
299 3304 320 3341 e.
393 3284 526 3354 stigmate
539 3301 574 3353 p,
595 3283 710 3339 scimate
728 3302 743 3339 c
762 3286 809 3352 (cf.
829 3286 866 3340 cd
884 3300 906 3340 c.
925 3290 962 3340 18
980 3290 1005 3340 et
1021 3283 1083 3339 Sor.

63 3376 97 3428 p.
118 3358 347 3426 218‚15Erm.,
368 3356 417 3411 Ti.
436 3355 483 3410 Pr.
498 3373 528 3425 p.
548 3358 605 3423 79).
714 3361 747 3410 20
770 3355 909 3410 iacentem
933 3373 959 3420 c,
982 3358 1084 3424 -tep

70 3429 143 3497 (-ti
157 3432 211 3499 ρο).
283 3435 317 3482 22
337 3430 516 3497 obstrepis,
536 3430 720 3497 anacarpbp.
806 3442 907 3481 manne
926 3428 956 3481 et
973 3425 1043 3481 turis
1061 3443 1085 3495 c,

70 3517 184 3556 manna.
203 3499 293 3555 thuris
307 3515 337 3569 p.

127 3597 245 3640 duratus
258 3598 354 3650 Felix,
368 3597 402 3642 erl
416 3599 445 3639 V.
458 3597 524 3639 licre.
891 3591 923 3640 13
