2510 4020
471 259 687 324 ...19-

243 400 290 464 Xl.
322 404 370 466 Ad
393 405 626 485 impetigines
649 403 683 466 id
707 410 763 464 est
785 417 919 463 zernas.

163 527 352 610 Impetigines
362 547 445 609 quas
464 529 569 614 Graeci
592 529 723 590 lichenas
746 533 861 606 vocant,
883 523 980 592 Latini
998 529 1085 610 vulgo

80 633 176 678 cernas
199 617 354 698 appellant.
374 620 379 694 Ι
400 627 564 681 nascuntur
583 637 619 680 ex
637 615 849 679 melanchohco
872 611 1014 698 humore,
1037 624 1172 678 run-1⁸1·

81 703 164 765 tundo
188 707 350 790 schemate,
377 711 408 770 in
432 709 589 788 superficie
613 710 704 788 cutis,
731 724 800 768 cum
829 707 943 786 ingenti
966 707 1085 788 pruritu

80 800 107 852 et
135 798 305 876 asperitate,
343 803 374 858 et
405 805 549 860 curantur
582 796 717 858 similiter
749 805 783 857 ut
817 795 950 858 maculae
983 797 1112 876 nigrae⁵

80 886 209 962 superius
232 887 369 966 scriptae.

160 971 247 1034 aliud.
293 976 440 1035 trociscus
472 971 636 1054 appellatus
664 991 680 1034 a
711 971 831 1033 Graecis
861 969 1022 1038 lichenicos
1054 971 1085 1038 id

79 1069 119 1120 est
140 1061 263 1124 medens
285 1064 481 1143 impetigines.
514 1064 620 1142 recipit
643 1061 781 1124 aluminis
801 1063 887 1124 scissi
905 1069 936 1123 et
954 1064 1085 1138 rotundi,

78 1148 245 1233 chalcitees,
275 1151 465 1214 melanteriae
498 1169 556 1232 qua
589 1158 706 1212 sutores
738 1158 878 1232 utuntur,
910 1152 1085 1236 chalcanthi,

78 1235 182 1318 lepidos
205 1241 377 1323 aeraminis,
404 1242 537 1302 omnium
564 1242 732 1320 specierum
756 1257 808 1300 sex
835 1237 990 1302 drachmas
1013 1259 1083 1322 qua·
1099 1248 1125 1287 ¹⁰

78 1334 183 1404 ternas,
209 1328 363 1409 sulphuris
386 1332 444 1391 vivi
468 1328 548 1410 211,
571 1329 697 1408 alcyouii
720 1334 746 1385 1.
764 1325 856 1408 llllll,
879 1329 1086 1391 cantharidum

78 1413 132 1498 ri,
150 1419 301 1496 aeruginis
316 1422 341 1474 λ
355 1417 429 1500 Vlll,
448 1417 588 1480 loliorum
601 1417 732 1498 caprifici
756 1415 835 1497 LVl,
854 1419 965 1479 cumini
981 1416 1085 1500 21111,

77 1507 146 1565 aceti
167 1506 248 1586 quod
268 1506 403 1569 sufficiat.
441 1496 585 1568 conficies
599 1515 629 1568 et
647 1507 678 1568 in
697 1523 755 1566 usu
778 1515 861 1566 aceto
880 1505 977 1567 mulso
1000 1506 1085 1568 salito

77 1593 198 1656 resolves
224 1603 255 1655 et
277 1595 392 1656 inlines.
425 1603 493 1657 ante
514 1613 585 1656 vero
607 1613 706 1676 panno
728 1593 813 1655 laneo
837 1612 943 1674 aspero
966 1612 1085 1656 zernam
1173 1661 1175 1666 ,

77 1680 186 1744 hicabis
210 1691 243 1746 ct
266 1686 309 1745 sic
332 1685 582 1746 medicamentum
604 1684 710 1746 illines.
1098 1688 1125 1731 ¹⁵

402 1843 465 1906 Xll.
502 1844 550 1904 nd
573 1860 755 1904 verrucas.

157 1967 330 2030 Secundum
359 1967 488 2029 Graecos
517 1976 580 2028 tres
603 1967 785 2029 differentias
808 1964 919 2027 hahere
941 1983 1085 2030 verrucae

77 2057 277 2120 ostenduntur.
329 2075 397 2118 nam
432 2057 574 2118 dicuntur
610 2054 861 2137 acrochordonm,
902 2073 977 2135 qnae
1015 2063 1086 2118 sunt

141 2229 191 2286 li.
218 2245 315 2284 cernas
337 2243 382 2297 gc:
406 2243 456 2282 cm.
476 2243 499 2298 p
521 2227 566 2294 (de
587 2229 699 2298 uulgari
720 2227 851 2284 vocabulo
874 2227 908 2295 cs.
934 2227 1007 2282 Ieid.
1026 2225 1085 2294 IV,

76 2304 100 2366 8,
116 2304 152 2367 6).
226 2305 347 2369 liques:
367 2299 442 2367 quod
455 2314 482 2368 9,
500 2313 551 2353 om.
561 2314 607 2369 pc.
686 2297 821 2354 'lacrecis
833 2313 859 2368 9.
932 2295 1086 2354 licheniccs

75 2383 115 2436 gc:
129 2371 245 2441 -cis1n
300 2369 330 2424 id
340 2372 384 2424 est
394 2369 443 2439 (i.)
451 2369 562 2425 addidi:
576 2385 626 2425 om.
636 2385 695 2440 gcp.
746 2369 914 2440 medenegc:
928 2368 1084 2439 Mederiep.

76 2440 220 2512 SRecipih
242 2459 273 2512 p:
293 2441 320 2507 ll
337 2455 384 2510 pc.
509 2441 654 2507 hiantem
677 2441 728 2510 (ii)
747 2455 772 2496 ae
792 2455 814 2495 c.
922 2439 1085 2496 liculcilcn

76 2512 142 2577 (unte
159 2515 210 2583 ips.
231 2529 301 2569 corr.
321 2511 438 2566 celliten
455 2513 484 2582 9)
502 2528 562 2581 999.
643 2512 800 2566 melantera
816 2526 842 2580 9,
862 2509 969 2565 -ieria
987 2527 1010 2577 c,
1028 2526 1085 2565 me·

75 2581 182 2639 listhene
196 2601 227 2654 p.
302 2599 358 2652 qua
376 2599 397 2637 s.
417 2599 442 2638 u.
461 2599 491 2653 g:
512 2584 661 2651 quaternas
675 2583 699 2637 d
712 2582 787 2636 inter
805 2582 913 2636 sutores
930 2582 1048 2636 utuntur
1061 2598 1086 2648 c,

76 2669 138 2719 quas
152 2657 262 2712 suntet
273 2654 453 2710 revertuntur
465 2656 562 2722 (comp.
576 2657 642 2721 scr.)
650 2669 682 2723 p.
752 2651 873 2707 edomui
885 2668 935 2722 9112
949 2651 1048 2707 edenti
1061 2667 1086 2708 c.

77 2728 106 2778 10
127 2725 152 2780 le
172 2726 222 2781 ida
243 2742 289 2796 pce
317 2724 412 2794 lapide
434 2740 465 2795 p.
510 2740 598 2794 supra
620 2725 702 2780 cerba
724 2724 778 2794 lep.
802 2739 858 2778 aar.
875 2729 912 2792 1⁰⁰
932 2723 1045 2793 scripsit
1066 2723 1085 2778 i.

75 2743 221 2853 minelum.
292 2795 441 2852 aeruminis
453 2811 499 2866 gp,
513 2798 543 2851 et
556 2799 601 2850 ὦ
611 2813 633 2852 c.
701 2795 827 2850 omnium
843 2825 874 2836 -
890 2795 1040 2864 quaternae
1053 2811 1086 2866 gc

76 2867 136 2932 (nasi
152 2867 311 2937 puad3Vl
330 2870 367 2937 c):
386 2871 423 2922 ari
439 2867 504 2935 (ie.
524 2869 588 2936 nna)
606 2872 625 2932 3
642 2866 681 2921 VI
695 2882 726 2935 p.
803 2865 930 2922 dracmas
947 2881 973 2935 9.
1051 2871 1083 2919 11

76 2938 185 3008 sulphur
209 2938 306 2994 vivum
329 2956 347 3009 9
374 2940 448 3006 (etc,
471 2939 520 2993 ubi
542 2939 675 3008 genitivos
696 2938 849 3008 amipaitp
871 2941 896 2990 ei
918 2937 1027 3006 parlim
1049 2939 1084 3003 c).
1112 2959 1116 2967 ·

74 3008 250 3077 hlqnioninm
263 3026 304 3080 gc,
321 3007 459 3078 nlquionii
473 3024 503 3079 p.
607 3008 772 3064 Capherides
789 3025 816 3078 9,
835 3005 1049 3064 candaridnrnm
1062 3023 1085 3076 p

75 3080 281 3145 (cantandarum
296 3082 329 3150 c).
394 3085 427 3134 12
436 3080 546 3150 erugini
554 3096 581 3150 9,
597 3080 673 3136 —nis
677 3096 723 3150 9ο.
786 3078 904 3149 foliage,
919 3077 1044 3133 -iorum
1053 3094 1084 3148 9.

75 3151 172 3206 cumini
189 3168 221 3222 9,
245 3151 342 3207 cimini
355 3168 401 3221 pc.
511 3157 544 3206 111
570 3151 662 3206 ucoeti
680 3152 741 3220 (sic)
758 3167 790 3221 9,
812 3149 889 3208 eccli
905 3166 941 3219 p,
964 3149 1039 3204 aceti
1062 3165 1085 3203 e.

76 3217 172 3277 sufficit
188 3239 250 3293 gcp.
323 3223 434 3278 conficis
448 3238 489 3292 gc,
508 3224 538 3278 el
556 3223 668 3278 conficis
678 3238 709 3291 12·
780 3225 832 3278 usin
841 3237 872 3290 9.
945 3221 1045 3275 coceio
1058 3235 1084 3289 9.

75 3290 233 3349 lemnisco.
306 3292 401 3349 sellim
415 3310 441 3364 9.
512 3299 545 3348 14
558 3293 675 3349 resolvis
688 3291 827 3348 etinlinis
840 3307 899 3364 pop.
972 3305 1085 3360 asperso

76 3365 101 3416 el
117 3382 138 3418 a.
153 3381 183 3434 p.
266 3381 388 3420 sernum:
414 3381 480 3420 enus
499 3381 521 3419 c.
605 3370 637 3419 15
656 3364 892 3419 medicamentum
909 3377 954 3434 gar
975 3361 1039 3416 -lo
1054 3375 1085 3430 p.

75 3431 155 3560 issitlrll
173 3452 224 3506 pp,
242 3435 356 3491 fricabis
373 3437 472 3492 Mum
490 3451 512 3491 c.
597 3440 629 3489 19
648 3433 849 3491 eerecordenes
867 3450 897 3504 9,
925 3432 1040 3487 -dinee
1054 3447 1086 3500 p,

76 3530 105 3542 -
148 3521 177 3562 es
195 3523 218 3563 c.
