2452 4014
461 231 704 296 -137-

70 382 103 435 et
127 373 217 434 simui
239 383 319 436 teres
343 382 372 436 et
394 377 504 437 iterum
524 375 700 437 admiscehis
721 376 838 456 adipem
860 380 1017 456 porcinum
1040 399 1086 440 re·

68 471 190 522 centem
226 463 386 525 sufficienti
418 465 518 546 modo,
551 473 603 527 aut
629 483 684 545 pro
717 465 802 545 adipe
835 465 935 527 oleum
965 486 1087 529 roseum

67 550 222 611 modicum
252 554 353 613 mittes
381 560 411 613 et
439 553 562 614 induces
590 562 621 615 et
648 572 778 635 appones
805 553 852 616 his
884 557 915 614 in
943 554 1004 635 die,
1036 556 1087 618 ali·

68 639 191 718 quando
214 647 245 701 et
268 641 360 701 semel
387 643 419 702 in
441 650 542 716 nocte,
571 642 608 703 ad
631 651 749 704 noctem
773 661 843 704 vero
871 645 1013 723 praesotis
1036 663 1086 724 pc·

68 727 173 810 dibus,
197 731 223 789 si
245 737 342 790 aestas
365 731 457 791 fuerit
480 738 509 791 et
532 733 647 792 invenis
662 733 779 812 aetate,
808 731 913 811 frigida
936 750 1012 811 aqua
1035 741 1113 794 auto

67 824 153 877 certe
180 835 271 896 posca
298 826 417 900 aquata,
446 827 476 879 et
502 827 661 899 postquam
684 822 793 881 foveris
821 820 959 900 deterges
984 830 1014 883 ot
1042 824 1086 883 sic

67 923 211 986 appones.
248 906 345 968 hicme
369 925 439 968 vcro
461 926 552 987 posca
575 907 669 969 calida
690 909 876 970 fomentabis.

159 993 248 1056 aliud.
284 994 321 1056 ad
344 995 474 1056 fervidos
498 1005 640 1058 tumores.
677 996 799 1058 herbam
822 997 1024 1059 lenticulatam
1046 998 1083 1059 dc

68 1085 184 1163 stagnis
202 1082 369 1144 virentibus
388 1083 508 1164 colliges
527 1096 557 1146 et
576 1104 644 1146 oum
663 1085 779 1147 modico
801 1094 884 1148 aceto
908 1090 1008 1149 tritam
1025 1089 1085 1148 im·

66 1189 179 1253 pones,
203 1181 234 1234 et
255 1175 365 1251 iugiter
388 1173 526 1234 mutabis.
1101 1191 1127 1231 ro

159 1259 248 1321 aliud.
294 1279 367 1322 uvae
399 1261 517 1340 lupinae
546 1280 653 1323 sucum
681 1271 711 1323 et
744 1261 893 1324 coriandri
922 1283 1027 1326 sucum
1057 1273 1087 1326 et

65 1351 231 1428 iusquiami
254 1367 361 1411 sucum
382 1351 414 1410 in
437 1369 497 1410 nno
521 1350 729 1413 commiscebis
752 1363 782 1411 et
804 1351 910 1414 illices.

197 1553 200 1561 .
227 1507 301 1569 Llll.
338 1508 386 1569 dd
408 1509 644 1571 ischiadicam
668 1519 703 1572 et
724 1510 930 1590 psiadicanr.

158 1631 292 1711 Utraque
323 1635 422 1712 passio
455 1633 510 1695 sub
543 1653 654 1714 aquoso
687 1644 717 1696 ct
749 1634 856 1715 frigido
894 1637 1085 1697 reumatismo

66 1722 208 1782 efficitur.
261 1730 291 1782 et
316 1729 369 1782 est
400 1722 558 1784 ischiadiea
591 1725 721 1785 causatio
753 1726 785 1784 in
816 1722 968 1804 vertebro,
1005 1724 1085 1803 quod
1100 1738 1125 1780 ιι

67 1810 177 1871 Graeci
199 1809 314 1870 ischion
337 1819 456 1892 vocant,
480 1813 619 1888 quotiens
642 1814 705 1891 ipse
725 1829 834 1873 nervus
858 1813 984 1872 interior
1005 1815 1085 1874 inter

65 1897 243 1958 vertebrum
270 1897 462 1977 frigidissimo
489 1898 625 1977 flegmate
653 1899 744 1961 fucrit
777 1901 903 1960 infusus.
947 1900 1085 1977 psiadicis

66 2005 140 2047 vcro
160 1986 289 2048 musculi
307 1989 462 2066 patiuntur
481 1986 617 2048 similiter
636 2005 726 2067 supra
744 1986 861 2049 lumbos
883 1989 965 2048 iuxta
984 1989 1085 2069 spinae

143 2157 207 2211 let
143 2156 379 2226 literump.
402 2157 514 2212 Itemc.
587 2158 724 2215 admisces
743 2176 784 2228 ιΡ
857 2159 1005 2230 iadipem
1022 2177 1086 2231 por·

68 2227 165 2283 einum
184 2243 279 2282 recens
297 2227 448 2284 sufficienti
465 2228 549 2284 modo
568 2246 604 2299 Ρ,
629 2231 741 2300 adipem
763 2229 872 2300 porcini
894 2232 1005 2287 recente
1029 2231 1086 2286 suf·

67 2299 212 2354 ficientem
229 2298 385 2356 modumo.
457 2316 609 2369 macoma,
627 2318 667 2384 ro.
682 2319 712 2371 Ρ.
786 2301 912 2356 amittis
930 2319 971 2372 ep.
1044 2303 1086 2357 in-

68 2369 150 2425 ducis
169 2370 199 2424 et
217 2369 375 2439 apponisc‚
393 2369 539 2425 inductum
559 2372 722 2442 apponisp.
794 2372 837 2427 bis
856 2388 949 2440 emp.
1020 2379 1038 2427 4
1057 2375 1086 2428 et

69 2443 146 2511 (unte
170 2440 266 2509 semel)
289 2456 339 2496 om.
359 2458 390 2510 Ρ.
480 2441 510 2495 in
532 2444 615 2497 nocta
634 2459 685 2498 om.
705 2459 726 2497 c
817 2443 854 2498 ud
872 2444 1029 2498 noctemc.
1056 2443 1086 2498 in

68 2530 153 2584 noete
172 2530 340 2598 (iterarem.
421 2546 486 2584 vero
505 2545 555 2584 om.
574 2546 596 2584 c.
669 2530 872 2599 proforisc‚p
854 2517 995 2604 'icipi'sp
1069 2536 1085 2585 8

68 2604 243 2685 tumoresp.
262 2599 413 2655 doloresc.
517 2600 545 2653 h
563 2599 760 2656 lenticulaiam
779 2601 839 2670 (sic)
853 2548 971 2669 e(p')=
936 2597 1086 2669 =pondv

68 2667 119 2725 τὸν
144 2665 193 2726 ἐπὶ
215 2670 270 2724 τῶν
292 2666 436 2742 τελμάτων
460 2671 505 2727 Pe
526 2669 589 2726 (aaz.
610 2670 705 2740 XIV,
724 2677 789 2727 386.
898 2679 914 2726 9
937 2671 1086 2742 ιιιειιίδςο,

67 2743 225 2849 mistibiP·
333 2776 444 2848 colligis
463 2794 505 2846 cp
614 2778 755 2846 (herba...
771 2777 926 2848 )iritup:
949 2779 1084 2834 tutatae.

68 2847 165 2919 iponis
177 2864 200 2916 Ρ
219 2849 314 2916 (—ncs
330 2851 366 2931 o).
449 2854 481 2902 11
501 2849 531 2903 et
549 2847 691 2904 coriandri
709 2865 851 2904 sucumve
871 2866 968 2920 οιιι.Ρ.
1051 2855 1084 2904 12

68 2923 200 2988 innuo,
218 2923 293 2973 iuro
318 2918 359 2987 (in
375 2918 442 2974 vino
460 2924 525 2974 aute
543 2935 627 2986 corr„
650 2919 680 2974 in
699 2937 755 2976 uno
774 2922 901 3004 corr.)p.
1010 2939 1085 2977 com-

68 2989 171 3045 misces
194 2989 224 3043 et
240 2977 389 3073 iffinisep
499 2997 531 3045 13
550 2990 595 3044 Ad
613 2989 760 3046 soiaiicnm
778 2994 808 3047 et
825 2991 1019 3063 ponticam,
1043 2993 1085 3046 De

69 3059 302 3131 passionibusf'
336 3007 409 3115 diet
422 3062 520 3129 aquosi
534 3061 770 3146 reumatismip(
771 3063 815 3117 Ad
831 3063 926 3119 sciada
940 3067 969 3117 et
985 3063 1085 3132 psiadc

71 3133 183 3200 ιιιὰΗΡ)
257 3137 290 3186 14
333 3133 462 3202 tneque(
452 3131 629 3203 ()Utsrquec
618 3133 836 3203 >passiones..
853 3132 1034 3190 ,efficiuntur
1052 3149 1085 3201 op

70 3202 207 3270 (Utraque
228 3202 376 3271 passio..
397 3205 545 3259 reumate
573 3203 693 3258 efficitur
717 3205 791 3262 Petr.
811 3222 842 3274 Ρ.
864 3210 941 3273 256).
1052 3210 1084 3258 15

69 3273 215 3328 isciadica.
235 3273 368 3343 psincus,
383 3273 549 3342 psidiacap.
623 3275 697 3355 quod
706 3293 737 3345 Ρ,
752 3293 873 3344 quamc
948 3281 980 3330 16
994 3274 1084 3329 iscion

67 3343 155 3412 idaei
174 3343 245 3398 Ater.
260 3361 290 3413 Ρ.
310 3350 352 3400 29.
373 3351 415 3399 31
449 3346 483 3411 of.
499 3345 576 3414 647).
603 3344 693 3400 coxile
706 3363 738 3416 Ρ,
757 3345 850 3401 uoxile
869 3363 884 3401 o
902 3347 975 3414 (item
989 3345 1086 3427 Simon

71 3433 91 3469 s
112 3413 239 3482 „onilc
258 3432 285 3485 g.
304 3416 465 3471 vertebram
485 3413 545 3470 eos.
564 3416 602 3471 fe.
621 3431 663 3472 ca.
683 3416 717 3471 de
736 3417 885 3486 sciaticaffl)
973 3422 1004 3471 17
1023 3416 1085 3486 poia

71 3485 241 3554 adadredc,
262 3485 436 3556 sciadicisp.
