<?xml version="1.0" encoding="UTF-8"?>
<!DOCTYPE html PUBLIC "-//W3C//DTD XHTML 1.0 Transitional//EN"
    "http://www.w3.org/TR/xhtml1/DTD/xhtml1-transitional.dtd">
<html xmlns="http://www.w3.org/1999/xhtml" xml:lang="en" lang="en">
 <head>
  <title>
</title>
<meta http-equiv="Content-Type" content="text/html;charset=utf-8" />
  <meta name='ocr-system' content='tesseract 3.04.00' />
  <meta name='ocr-capabilities' content='ocr_page ocr_carea ocr_par ocr_line ocrx_word'/>
</head>
<body>
  <div class='ocr_page' id='page_1' title='image "./cassiifelicisde02feligoog_0142.png"; bbox 0 0 2452 4014; ppageno 0'>
   <div class='ocr_carea' id='block_1_1' title="bbox 465 262 798 327">
    <p class='ocr_par' dir='ltr' id='par_1_1' title="bbox 465 262 798 327">
     <span class='ocr_line' id='line_1_1' title="bbox 465 262 798 327; baseline -0.003 0"><span class='ocrx_word' id='word_1_1' title='bbox 465 262 798 327; x_wconf 11' lang='lat' dir='ltr'><strong>l-130-</strong></span> 
     </span>
    </p>
   </div>
   <div class='ocr_carea' id='block_1_2' title="bbox 130 405 1175 1288">
    <p class='ocr_par' dir='ltr' id='par_1_2' title="bbox 130 405 1175 1288">
     <span class='ocr_line' id='line_1_2' title="bbox 171 405 1175 490; baseline -0.001 -20"><span class='ocrx_word' id='word_1_2' title='bbox 171 409 258 470; x_wconf 91' lang='lat' dir='ltr'><strong>melle</strong></span> <span class='ocrx_word' id='word_1_3' title='bbox 290 417 468 490; x_wconf 84' lang='lat' dir='ltr'><strong>temperato,</strong></span> <span class='ocrx_word' id='word_1_4' title='bbox 500 426 588 488; x_wconf 85' lang='lat' dir='ltr'><strong>quam</strong></span> <span class='ocrx_word' id='word_1_5' title='bbox 621 406 768 487; x_wconf 82' lang='lat' dir='ltr'><strong>appellant</strong></span> <span class='ocrx_word' id='word_1_6' title='bbox 800 405 905 467; x_wconf 83' lang='lat' dir='ltr'><strong>Graeci</strong></span> <span class='ocrx_word' id='word_1_7' title='bbox 937 407 1118 488; x_wconf 87' lang='lat' dir='ltr'><strong>inomelitos,</strong></span> <span class='ocrx_word' id='word_1_8' title='bbox 1149 417 1175 469; x_wconf 81' lang='lat' dir='ltr'><strong>el</strong></span> 
     </span>
     <span class='ocr_line' id='line_1_3' title="bbox 172 493 830 578; baseline 0 -18"><span class='ocrx_word' id='word_1_9' title='bbox 172 497 325 560; x_wconf 78' lang='lat' dir='ltr'><strong>calefacies</strong></span> <span class='ocrx_word' id='word_1_10' title='bbox 350 506 379 559; x_wconf 89' lang='lat' dir='ltr'><strong>et</strong></span> <span class='ocrx_word' id='word_1_11' title='bbox 402 499 487 578; x_wconf 76' lang='lat' dir='ltr'><strong>potui</strong></span> <span class='ocrx_word' id='word_1_12' title='bbox 509 496 593 557; x_wconf 89' lang='lat' dir='ltr'><strong>dabis</strong></span> <span class='ocrx_word' id='word_1_13' title='bbox 616 514 671 576; x_wconf 90' lang='lat' dir='ltr'><strong>per</strong></span> <span class='ocrx_word' id='word_1_14' title='bbox 694 495 757 556; x_wconf 90' lang='lat' dir='ltr'><strong>dies</strong></span> <span class='ocrx_word' id='word_1_15' title='bbox 781 493 830 559; x_wconf 90' lang='lat' dir='ltr'><strong>lll.</strong></span> 
     </span>
     <span class='ocr_line' id='line_1_4' title="bbox 260 583 1174 648; baseline -0.002 -1"><span class='ocrx_word' id='word_1_16' title='bbox 260 586 347 648; x_wconf 90' lang='lat' dir='ltr'><strong>aliud.</strong></span> <span class='ocrx_word' id='word_1_17' title='bbox 385 586 452 647; x_wconf 88' lang='lat' dir='ltr'><strong>silili</strong></span> <span class='ocrx_word' id='word_1_18' title='bbox 476 586 654 647; x_wconf 83' lang='lat' dir='ltr'><strong>coclearium</strong></span> <span class='ocrx_word' id='word_1_19' title='bbox 679 584 691 644; x_wconf 96' lang='lat' dir='ltr'><strong>l</strong></span> <span class='ocrx_word' id='word_1_20' title='bbox 715 602 782 645; x_wconf 91' lang='lat' dir='ltr'><strong>cum</strong></span> <span class='ocrx_word' id='word_1_21' title='bbox 806 585 874 644; x_wconf 90' lang='lat' dir='ltr'><strong>vino</strong></span> <span class='ocrx_word' id='word_1_22' title='bbox 897 583 994 645; x_wconf 90' lang='lat' dir='ltr'><strong>mulso</strong></span> <span class='ocrx_word' id='word_1_23' title='bbox 1018 593 1085 646; x_wconf 81' lang='lat' dir='ltr'><strong>ante</strong></span> <span class='ocrx_word' id='word_1_24' title='bbox 1110 586 1174 645; x_wconf 90' lang='lat' dir='ltr'><strong>duas</strong></span> 
     </span>
     <span class='ocr_line' id='line_1_5' title="bbox 130 670 1173 754; baseline 0.004 -25"><span class='ocrx_word' id='word_1_25' title='bbox 130 719 142 729; x_wconf 60' lang='lat'><em>„</em></span> <span class='ocrx_word' id='word_1_26' title='bbox 171 675 260 736; x_wconf 86' lang='lat' dir='ltr'><strong>horas</strong></span> <span class='ocrx_word' id='word_1_27' title='bbox 287 675 395 736; x_wconf 88' lang='lat' dir='ltr'><strong>lavacri</strong></span> <span class='ocrx_word' id='word_1_28' title='bbox 422 677 507 754; x_wconf 84' lang='lat' dir='ltr'><strong>potui</strong></span> <span class='ocrx_word' id='word_1_29' title='bbox 534 673 627 735; x_wconf 86' lang='lat' dir='ltr'><strong>dabis.</strong></span> <span class='ocrx_word' id='word_1_30' title='bbox 668 681 719 733; x_wconf 83' lang='lat' dir='ltr'><strong>aul</strong></span> <span class='ocrx_word' id='word_1_31' title='bbox 747 671 890 733; x_wconf 91' lang='lat' dir='ltr'><strong>marrubii</strong></span> <span class='ocrx_word' id='word_1_32' title='bbox 917 670 1021 733; x_wconf 88' lang='lat' dir='ltr'><strong>viridis</strong></span> <span class='ocrx_word' id='word_1_33' title='bbox 1049 676 1112 735; x_wconf 90' lang='lat' dir='ltr'><strong>suci</strong></span> <span class='ocrx_word' id='word_1_34' title='bbox 1133 692 1173 734; x_wconf 88' lang='lat' dir='ltr'><strong>co-</strong></span> 
     </span>
     <span class='ocr_line' id='line_1_6' title="bbox 145 760 1175 841; baseline 0.002 -21"><span class='ocrx_word' id='word_1_35' title='bbox 145 763 313 824; x_wconf 83' lang='lat' dir='ltr'><strong>sclearium</strong></span> <span class='ocrx_word' id='word_1_36' title='bbox 337 781 430 824; x_wconf 70' lang='lat' dir='ltr'><strong>arnum</strong></span> <span class='ocrx_word' id='word_1_37' title='bbox 454 781 522 824; x_wconf 93' lang='lat' dir='ltr'><strong>cum</strong></span> <span class='ocrx_word' id='word_1_38' title='bbox 545 764 605 822; x_wconf 90' lang='lat' dir='ltr'><strong>vini</strong></span> <span class='ocrx_word' id='word_1_39' title='bbox 628 761 717 822; x_wconf 94' lang='lat' dir='ltr'><strong>mulsi</strong></span> <span class='ocrx_word' id='word_1_40' title='bbox 740 763 832 841; x_wconf 68' lang='lat' dir='ltr'><strong>cratis</strong></span> <span class='ocrx_word' id='word_1_41' title='bbox 855 760 896 821; x_wconf 93' lang='lat'><strong>111</strong></span> <span class='ocrx_word' id='word_1_42' title='bbox 918 763 1004 841; x_wconf 78' lang='lat' dir='ltr'><strong>potui</strong></span> <span class='ocrx_word' id='word_1_43' title='bbox 1027 760 1109 824; x_wconf 92' lang='lat' dir='ltr'><strong>dabis</strong></span> <span class='ocrx_word' id='word_1_44' title='bbox 1132 770 1175 822; x_wconf 88' lang='lat' dir='ltr'><strong>aut</strong></span> 
     </span>
     <span class='ocr_line' id='line_1_7' title="bbox 171 851 749 914; baseline -0.003 -1"><span class='ocrx_word' id='word_1_45' title='bbox 171 852 319 914; x_wconf 86' lang='lat' dir='ltr'><strong>anchusae</strong></span> <span class='ocrx_word' id='word_1_46' title='bbox 343 851 520 913; x_wconf 86' lang='lat' dir='ltr'><strong>coclearium</strong></span> <span class='ocrx_word' id='word_1_47' title='bbox 544 851 556 910; x_wconf 96' lang='lat' dir='ltr'><strong>l</strong></span> <span class='ocrx_word' id='word_1_48' title='bbox 580 869 648 911; x_wconf 91' lang='lat' dir='ltr'><strong>cum</strong></span> <span class='ocrx_word' id='word_1_49' title='bbox 672 853 749 911; x_wconf 87' lang='lat' dir='ltr'><strong>vino.</strong></span> 
     </span>
     <span class='ocr_line' id='line_1_8' title="bbox 260 938 1174 1020; baseline -0.002 -19"><span class='ocrx_word' id='word_1_50' title='bbox 260 940 348 1002; x_wconf 89' lang='lat' dir='ltr'><strong>aliud.</strong></span> <span class='ocrx_word' id='word_1_51' title='bbox 385 940 668 1020; x_wconf 82' lang='lat' dir='ltr'><strong>apollegmatismum</strong></span> <span class='ocrx_word' id='word_1_52' title='bbox 692 942 743 1018; x_wconf 89' lang='lat' dir='ltr'><strong>qui</strong></span> <span class='ocrx_word' id='word_1_53' title='bbox 766 938 888 999; x_wconf 89' lang='lat' dir='ltr'><strong>naribus</strong></span> <span class='ocrx_word' id='word_1_54' title='bbox 910 938 1093 1020; x_wconf 80' lang='lat' dir='ltr'><strong>infunditur,</strong></span> <span class='ocrx_word' id='word_1_55' title='bbox 1116 948 1143 1001; x_wconf 86' lang='lat' dir='ltr'><strong>et</strong></span> <span class='ocrx_word' id='word_1_56' title='bbox 1162 957 1174 999; x_wconf 93' lang='lat' dir='ltr'><strong>a</strong></span> 
     </span>
     <span class='ocr_line' id='line_1_9' title="bbox 171 1027 1173 1109; baseline -0.003 -20"><span class='ocrx_word' id='word_1_57' title='bbox 171 1028 292 1090; x_wconf 88' lang='lat' dir='ltr'><strong>Graecis</strong></span> <span class='ocrx_word' id='word_1_58' title='bbox 315 1028 479 1109; x_wconf 82' lang='lat' dir='ltr'><strong>appellatur</strong></span> <span class='ocrx_word' id='word_1_59' title='bbox 502 1029 712 1109; x_wconf 80' lang='lat' dir='ltr'><strong>rinenchylon,</strong></span> <span class='ocrx_word' id='word_1_60' title='bbox 736 1045 771 1088; x_wconf 90' lang='lat' dir='ltr'><strong>eo</strong></span> <span class='ocrx_word' id='word_1_61' title='bbox 796 1027 883 1088; x_wconf 92' lang='lat' dir='ltr'><strong>modo</strong></span> <span class='ocrx_word' id='word_1_62' title='bbox 908 1044 967 1106; x_wconf 89' lang='lat' dir='ltr'><strong>quo</strong></span> <span class='ocrx_word' id='word_1_63' title='bbox 991 1030 1130 1107; x_wconf 88' lang='lat' dir='ltr'><strong>superius</strong></span> <span class='ocrx_word' id='word_1_64' title='bbox 1149 1029 1173 1087; x_wconf 91' lang='lat' dir='ltr'><strong>in</strong></span> 
     </span>
     <span class='ocr_line' id='line_1_10' title="bbox 172 1116 1173 1197; baseline -0.002 -19"><span class='ocrx_word' id='word_1_65' title='bbox 172 1119 277 1196; x_wconf 83' lang='lat' dir='ltr'><strong>capitis</strong></span> <span class='ocrx_word' id='word_1_66' title='bbox 308 1116 496 1197; x_wconf 85' lang='lat' dir='ltr'><strong>passionibus</strong></span> <span class='ocrx_word' id='word_1_67' title='bbox 528 1118 703 1197; x_wconf 90' lang='lat' dir='ltr'><strong>scripsimus</strong></span> <span class='ocrx_word' id='word_1_68' title='bbox 734 1133 789 1196; x_wconf 90' lang='lat' dir='ltr'><strong>per</strong></span> <span class='ocrx_word' id='word_1_69' title='bbox 821 1116 953 1177; x_wconf 76' lang='lat' dir='ltr'><strong>tridrmm</strong></span> <span class='ocrx_word' id='word_1_70' title='bbox 985 1116 1109 1189; x_wconf 85' lang='lat' dir='ltr'><strong>naribus</strong></span> <span class='ocrx_word' id='word_1_71' title='bbox 1138 1118 1173 1176; x_wconf 94' lang='lat' dir='ltr'><strong>in·</strong></span> 
     </span>
     <span class='ocr_line' id='line_1_11' title="bbox 133 1205 494 1288; baseline 0 -22"><span class='ocrx_word' id='word_1_72' title='bbox 133 1205 291 1288; x_wconf 76' lang='lat' dir='ltr'><strong>refundes,</strong></span> <span class='ocrx_word' id='word_1_73' title='bbox 315 1214 346 1267; x_wconf 83' lang='lat' dir='ltr'><strong>et</strong></span> <span class='ocrx_word' id='word_1_74' title='bbox 368 1205 494 1266; x_wconf 88' lang='lat' dir='ltr'><strong>sanabis.</strong></span> 
     </span>
    </p>
   </div>
   <div class='ocr_carea' id='block_1_3' title="bbox 216 1383 1136 1445">
    <p class='ocr_par' dir='ltr' id='par_1_3' title="bbox 216 1383 1136 1445">
     <span class='ocr_line' id='line_1_12' title="bbox 216 1383 1136 1445; baseline -0.001 -2"><span class='ocrx_word' id='word_1_75' title='bbox 216 1383 248 1445; x_wconf 86' lang='lat' dir='ltr'><strong>L.</strong></span> <span class='ocrx_word' id='word_1_76' title='bbox 284 1383 331 1443; x_wconf 74' lang='lat' dir='ltr'><strong>Ad</strong></span> <span class='ocrx_word' id='word_1_77' title='bbox 356 1385 494 1444; x_wconf 84' lang='lat' dir='ltr'><strong>ventris</strong></span> <span class='ocrx_word' id='word_1_78' title='bbox 517 1392 552 1444; x_wconf 83' lang='lat' dir='ltr'><strong>el</strong></span> <span class='ocrx_word' id='word_1_79' title='bbox 574 1385 837 1445; x_wconf 78' lang='lat' dir='ltr'><strong>intestinorum</strong></span> <span class='ocrx_word' id='word_1_80' title='bbox 860 1384 1136 1444; x_wconf 83' lang='lat' dir='ltr'><strong>reumatismum.</strong></span> 
     </span>
    </p>
   </div>
   <div class='ocr_carea' id='block_1_4' title="bbox 132 1507 1214 2012">
    <p class='ocr_par' dir='ltr' id='par_1_4' title="bbox 172 1507 1171 1764">
     <span class='ocr_line' id='line_1_13' title="bbox 261 1507 1171 1587; baseline -0.002 -20"><span class='ocrx_word' id='word_1_81' title='bbox 261 1507 316 1568; x_wconf 78' lang='lat' dir='ltr'><strong>Est</strong></span> <span class='ocrx_word' id='word_1_82' title='bbox 329 1516 429 1569; x_wconf 88' lang='lat' dir='ltr'><strong>autem</strong></span> <span class='ocrx_word' id='word_1_83' title='bbox 444 1508 653 1569; x_wconf 88' lang='lat' dir='ltr'><strong>reumatismus</strong></span> <span class='ocrx_word' id='word_1_84' title='bbox 667 1509 780 1568; x_wconf 84' lang='lat' dir='ltr'><strong>ventris</strong></span> <span class='ocrx_word' id='word_1_85' title='bbox 794 1516 825 1568; x_wconf 86' lang='lat' dir='ltr'><strong>et</strong></span> <span class='ocrx_word' id='word_1_86' title='bbox 838 1509 1050 1570; x_wconf 81' lang='lat' dir='ltr'><strong>intestinorum</strong></span> <span class='ocrx_word' id='word_1_87' title='bbox 1067 1515 1171 1587; x_wconf 82' lang='lat' dir='ltr'><strong>praeter</strong></span> 
     </span>
     <span class='ocr_line' id='line_1_14' title="bbox 172 1594 1171 1675; baseline -0.003 -19"><span class='ocrx_word' id='word_1_88' title='bbox 172 1596 286 1658; x_wconf 84' lang='lat' dir='ltr'><strong>febrem</strong></span> <span class='ocrx_word' id='word_1_89' title='bbox 305 1594 451 1656; x_wconf 83' lang='lat' dir='ltr'><strong>assellatio</strong></span> <span class='ocrx_word' id='word_1_90' title='bbox 471 1596 582 1656; x_wconf 84' lang='lat' dir='ltr'><strong>ventris</strong></span> <span class='ocrx_word' id='word_1_91' title='bbox 605 1595 739 1675; x_wconf 89' lang='lat' dir='ltr'><strong>humida,</strong></span> <span class='ocrx_word' id='word_1_92' title='bbox 762 1605 792 1657; x_wconf 84' lang='lat' dir='ltr'><strong>et</strong></span> <span class='ocrx_word' id='word_1_93' title='bbox 815 1595 971 1675; x_wconf 90' lang='lat' dir='ltr'><strong>aliquando</strong></span> <span class='ocrx_word' id='word_1_94' title='bbox 995 1614 1065 1657; x_wconf 89' lang='lat' dir='ltr'><strong>cum</strong></span> <span class='ocrx_word' id='word_1_95' title='bbox 1084 1613 1171 1656; x_wconf 91' lang='lat' dir='ltr'><strong>morsu</strong></span> 
     </span>
     <span class='ocr_line' id='line_1_15' title="bbox 172 1682 607 1764; baseline -0.007 -18"><span class='ocrx_word' id='word_1_96' title='bbox 172 1693 203 1746; x_wconf 85' lang='lat' dir='ltr'><strong>et</strong></span> <span class='ocrx_word' id='word_1_97' title='bbox 225 1682 381 1764; x_wconf 88' lang='lat' dir='ltr'><strong>aliquando</strong></span> <span class='ocrx_word' id='word_1_98' title='bbox 410 1685 473 1744; x_wconf 91' lang='lat' dir='ltr'><strong>sine</strong></span> <span class='ocrx_word' id='word_1_99' title='bbox 498 1701 607 1744; x_wconf 92' lang='lat' dir='ltr'><strong>morsu.</strong></span> 
     </span>
    </p>

    <p class='ocr_par' dir='ltr' id='par_1_5' title="bbox 132 1769 1214 2012">
     <span class='ocr_line' id='line_1_16' title="bbox 132 1769 1171 1854; baseline -0.005 -19"><span class='ocrx_word' id='word_1_100' title='bbox 132 1787 158 1828; x_wconf 82' lang='lat'><strong>1⁵</strong></span> <span class='ocrx_word' id='word_1_101' title='bbox 261 1774 375 1834; x_wconf 84' lang='lat' dir='ltr'><strong>curalio</strong></span> <span class='ocrx_word' id='word_1_102' title='bbox 405 1779 505 1833; x_wconf 82' lang='lat' dir='ltr'><strong>aulem</strong></span> <span class='ocrx_word' id='word_1_103' title='bbox 533 1789 637 1834; x_wconf 90' lang='lat' dir='ltr'><strong>eorum</strong></span> <span class='ocrx_word' id='word_1_104' title='bbox 665 1772 731 1833; x_wconf 78' lang='lat' dir='ltr'><strong>talis</strong></span> <span class='ocrx_word' id='word_1_105' title='bbox 759 1781 818 1854; x_wconf 83' lang='lat' dir='ltr'><strong>esl,</strong></span> <span class='ocrx_word' id='word_1_106' title='bbox 851 1775 929 1834; x_wconf 83' lang='lat' dir='ltr'><strong>sicul</strong></span> <span class='ocrx_word' id='word_1_107' title='bbox 961 1772 1114 1835; x_wconf 89' lang='lat' dir='ltr'><strong>Galenus</strong></span> <span class='ocrx_word' id='word_1_108' title='bbox 1142 1769 1171 1832; x_wconf 88' lang='lat' dir='ltr'><strong>ad</strong></span> 
     </span>
     <span class='ocr_line' id='line_1_17' title="bbox 171 1859 1214 1930; baseline -0.004 -8"><span class='ocrx_word' id='word_1_109' title='bbox 171 1861 352 1924; x_wconf 88' lang='lat' dir='ltr'><strong>Glauconem</strong></span> <span class='ocrx_word' id='word_1_110' title='bbox 384 1859 520 1922; x_wconf 90' lang='lat' dir='ltr'><strong>scribens</strong></span> <span class='ocrx_word' id='word_1_111' title='bbox 552 1863 606 1922; x_wconf 83' lang='lat' dir='ltr'><strong>ait:</strong></span> <span class='ocrx_word' id='word_1_112' title='bbox 638 1863 682 1922; x_wconf 89' lang='lat' dir='ltr'><strong>uti</strong></span> <span class='ocrx_word' id='word_1_113' title='bbox 713 1861 836 1923; x_wconf 88' lang='lat' dir='ltr'><strong>lavacris</strong></span> <span class='ocrx_word' id='word_1_114' title='bbox 867 1860 990 1922; x_wconf 87' lang='lat' dir='ltr'><strong>debebis</strong></span> <span class='ocrx_word' id='word_1_115' title='bbox 1023 1862 1122 1924; x_wconf 89' lang='lat' dir='ltr'><strong>calidis</strong></span> <span class='ocrx_word' id='word_1_116' title='bbox 1147 1869 1171 1920; x_wconf 85' lang='lat' dir='ltr'><strong>el</strong></span> <span class='ocrx_word' id='word_1_117' title='bbox 1213 1869 1214 1930; x_wconf 69' lang='lat' dir='ltr'><strong>l</strong></span> 
     </span>
     <span class='ocr_line' id='line_1_18' title="bbox 172 1931 1214 2012; baseline -0.003 -1"><span class='ocrx_word' id='word_1_118' title='bbox 172 1953 362 2012; x_wconf 81' lang='lat' dir='ltr'><strong>constriclira</strong></span> <span class='ocrx_word' id='word_1_119' title='bbox 386 1949 542 2012; x_wconf 89' lang='lat' dir='ltr'><strong>cibatione.</strong></span> <span class='ocrx_word' id='word_1_120' title='bbox 1213 1931 1214 1985; x_wconf 58' lang='lat' dir='ltr'><strong>l</strong></span> 
     </span>
    </p>
   </div>
   <div class='ocr_carea' id='block_1_5' title="bbox 414 2107 949 2172">
    <p class='ocr_par' dir='ltr' id='par_1_6' title="bbox 414 2107 949 2172">
     <span class='ocr_line' id='line_1_19' title="bbox 414 2107 949 2172; baseline 0.007 -4"><span class='ocrx_word' id='word_1_121' title='bbox 414 2107 459 2168; x_wconf 88' lang='lat' dir='ltr'><strong>Ll.</strong></span> <span class='ocrx_word' id='word_1_122' title='bbox 496 2107 543 2168; x_wconf 79' lang='lat' dir='ltr'><strong>nd</strong></span> <span class='ocrx_word' id='word_1_123' title='bbox 567 2108 717 2171; x_wconf 92' lang='lat' dir='ltr'><strong>colicam</strong></span> <span class='ocrx_word' id='word_1_124' title='bbox 741 2117 776 2170; x_wconf 83' lang='lat' dir='ltr'><strong>el</strong></span> <span class='ocrx_word' id='word_1_125' title='bbox 799 2109 949 2172; x_wconf 86' lang='lat' dir='ltr'><strong>iliacam.</strong></span> 
     </span>
    </p>
   </div>
   <div class='ocr_carea' id='block_1_6' title="bbox 132 2230 1171 2424">
    <p class='ocr_par' dir='ltr' id='par_1_7' title="bbox 132 2230 1171 2424">
     <span class='ocr_line' id='line_1_20' title="bbox 260 2230 1171 2314; baseline 0.002 -24"><span class='ocrx_word' id='word_1_126' title='bbox 260 2230 314 2292; x_wconf 78' lang='lat' dir='ltr'><strong>Est</strong></span> <span class='ocrx_word' id='word_1_127' title='bbox 341 2239 439 2293; x_wconf 82' lang='lat' dir='ltr'><strong>aulem</strong></span> <span class='ocrx_word' id='word_1_128' title='bbox 468 2232 559 2292; x_wconf 91' lang='lat' dir='ltr'><strong>colica</strong></span> <span class='ocrx_word' id='word_1_129' title='bbox 587 2237 686 2312; x_wconf 88' lang='lat' dir='ltr'><strong>passio</strong></span> <span class='ocrx_word' id='word_1_130' title='bbox 714 2242 814 2294; x_wconf 83' lang='lat' dir='ltr'><strong>tumor</strong></span> <span class='ocrx_word' id='word_1_131' title='bbox 842 2253 909 2296; x_wconf 92' lang='lat' dir='ltr'><strong>cum</strong></span> <span class='ocrx_word' id='word_1_132' title='bbox 940 2237 1055 2314; x_wconf 81' lang='lat' dir='ltr'><strong>ingenti</strong></span> <span class='ocrx_word' id='word_1_133' title='bbox 1083 2234 1171 2297; x_wconf 92' lang='lat' dir='ltr'><strong>dolore</strong></span> 
     </span>
     <span class='ocr_line' id='line_1_21' title="bbox 132 2321 1171 2424; baseline 0.007 -48"><span class='ocrx_word' id='word_1_134' title='bbox 132 2335 157 2376; x_wconf 82' lang='lat' dir='ltr'><strong>ao</strong></span> <span class='ocrx_word' id='word_1_135' title='bbox 172 2321 263 2382; x_wconf 81' lang='lat' dir='ltr'><strong>totius</strong></span> <span class='ocrx_word' id='word_1_136' title='bbox 291 2321 386 2400; x_wconf 87' lang='lat' dir='ltr'><strong>ipsius</strong></span> <span class='ocrx_word' id='word_1_137' title='bbox 413 2323 548 2382; x_wconf 84' lang='lat' dir='ltr'><strong>intestini</strong></span> <span class='ocrx_word' id='word_1_138' title='bbox 574 2321 654 2401; x_wconf 90' lang='lat' dir='ltr'><strong>quod</strong></span> <span class='ocrx_word' id='word_1_139' title='bbox 678 2323 783 2424; x_wconf 57' lang='lat' dir='ltr'><strong>§raeci</strong></span> <span class='ocrx_word' id='word_1_140' title='bbox 806 2333 948 2386; x_wconf 83' lang='lat' dir='ltr'><strong>consuete</strong></span> <span class='ocrx_word' id='word_1_141' title='bbox 977 2323 1063 2385; x_wconf 92' lang='lat' dir='ltr'><strong>colon</strong></span> <span class='ocrx_word' id='word_1_142' title='bbox 1088 2322 1171 2404; x_wconf 91' lang='lat' dir='ltr'><strong>appel-</strong></span> 
     </span>
    </p>
   </div>
   <div class='ocr_carea' id='block_1_7' title="bbox 169 2457 1211 3593">
    <p class='ocr_par' dir='ltr' id='par_1_8' title="bbox 169 2457 1211 3593">
     <span class='ocr_line' id='line_1_22' title="bbox 243 2457 1171 2551; baseline 0 -40"><span class='ocrx_word' id='word_1_143' title='bbox 243 2463 257 2511; x_wconf 92' lang='lat'>1</span> <span class='ocrx_word' id='word_1_144' title='bbox 276 2457 444 2527; x_wconf 80' lang='lat' dir='ltr'><strong>ynomelilos</strong></span> <span class='ocrx_word' id='word_1_145' title='bbox 458 2474 495 2528; x_wconf 84' lang='lat' dir='ltr'><strong>p,</strong></span> <span class='ocrx_word' id='word_1_146' title='bbox 513 2457 685 2513; x_wconf 82' lang='lat' dir='ltr'><strong>momellilos</strong></span> <span class='ocrx_word' id='word_1_147' title='bbox 704 2475 726 2513; x_wconf 88' lang='lat' dir='ltr'><strong>c.</strong></span> <span class='ocrx_word' id='word_1_148' title='bbox 817 2464 833 2513; x_wconf 78' lang='lat'>2</span> <span class='ocrx_word' id='word_1_149' title='bbox 853 2458 984 2515; x_wconf 80' lang='lat' dir='ltr'><strong>calefacis</strong></span> <span class='ocrx_word' id='word_1_150' title='bbox 1003 2475 1045 2551; x_wconf 79' lang='lat' dir='ltr'><strong>ep.</strong></span> <span class='ocrx_word' id='word_1_151' title='bbox 1129 2474 1171 2528; x_wconf 89' lang='lat' dir='ltr'><strong>per</strong></span> 
     </span>
     <span class='ocr_line' id='line_1_23' title="bbox 170 2527 1171 2599; baseline -0.001 -16"><span class='ocrx_word' id='word_1_152' title='bbox 170 2528 218 2585; x_wconf 93' lang='lat' dir='ltr'>III.</span> <span class='ocrx_word' id='word_1_153' title='bbox 237 2528 342 2597; x_wconf 82' lang='lat' dir='ltr'><strong>dieep.</strong></span> <span class='ocrx_word' id='word_1_154' title='bbox 422 2528 537 2599; x_wconf 73' lang='lat' dir='ltr'><strong>dpolni</strong></span> <span class='ocrx_word' id='word_1_155' title='bbox 556 2559 590 2570; x_wconf 87' lang='lat'><em>-</em></span> <span class='ocrx_word' id='word_1_156' title='bbox 609 2531 648 2599; x_wconf 74' lang='grc' dir='ltr'><strong>(ὅ)</strong></span> <span class='ocrx_word' id='word_1_157' title='bbox 667 2527 747 2585; x_wconf 86' lang='lat' dir='ltr'><strong>dabis</strong></span> <span class='ocrx_word' id='word_1_158' title='bbox 765 2545 856 2598; x_wconf 60' lang='lat' dir='ltr'><strong>emp.</strong></span> <span class='ocrx_word' id='word_1_159' title='bbox 944 2529 1016 2585; x_wconf 76' lang='lat' dir='ltr'><strong>&#39;idi</strong></span> <span class='ocrx_word' id='word_1_160' title='bbox 1038 2545 1171 2599; x_wconf 74' lang='lat' dir='ltr'><strong>pzcme.</strong></span> 
     </span>
     <span class='ocr_line' id='line_1_24' title="bbox 170 2599 1211 2741; baseline 0.005 -18"><span class='ocrx_word' id='word_1_161' title='bbox 170 2600 445 2740; x_wconf 55' lang='lat' dir='ltr'><strong>lllplifllifs‘</strong></span> <span class='ocrx_word' id='word_1_162' title='bbox 469 2599 725 2741; x_wconf 53' lang='lat' dir='ltr'><strong>“delibili</strong></span> <span class='ocrx_word' id='word_1_163' title='bbox 747 2600 1170 2741; x_wconf 52' lang='lat' dir='ltr'><strong>(leffflilmlilldofl</strong></span> <span class='ocrx_word' id='word_1_164' title='bbox 1210 2617 1211 2695; x_wconf 74' lang='lat' dir='ltr'><strong>l</strong></span> 
     </span>
     <span class='ocr_line' id='line_1_25' title="bbox 170 2712 1210 2812; baseline 0.003 -16"><span class='ocrx_word' id='word_1_165' title='bbox 170 2712 270 2796; x_wconf 70' lang='lat' dir='ltr'><strong>melrbb</strong></span> <span class='ocrx_word' id='word_1_166' title='bbox 289 2757 304 2796; x_wconf 92' lang='lat' dir='ltr'><strong>c</strong></span> <span class='ocrx_word' id='word_1_167' title='bbox 321 2740 400 2810; x_wconf 73' lang='lat' dir='ltr'><strong>(Sim.</strong></span> <span class='ocrx_word' id='word_1_168' title='bbox 419 2759 441 2795; x_wconf 84' lang='lat' dir='ltr'><strong>s.</strong></span> <span class='ocrx_word' id='word_1_169' title='bbox 460 2739 602 2798; x_wconf 78' lang='lat' dir='ltr'><strong>manticen</strong></span> <span class='ocrx_word' id='word_1_170' title='bbox 665 2738 849 2812; x_wconf 67' lang='grc' dir='ltr'><strong>ὅινέγχυτον).</strong></span> <span class='ocrx_word' id='word_1_171' title='bbox 942 2757 976 2798; x_wconf 89' lang='lat' dir='ltr'><strong>eo</strong></span> <span class='ocrx_word' id='word_1_172' title='bbox 995 2760 1019 2798; x_wconf 86' lang='lat' dir='ltr'><strong>e:</strong></span> <span class='ocrx_word' id='word_1_173' title='bbox 1041 2744 1135 2799; x_wconf 88' lang='lat' dir='ltr'><strong>eodem</strong></span> <span class='ocrx_word' id='word_1_174' title='bbox 1147 2713 1171 2811; x_wconf 55' lang='lat' dir='ltr'><strong>ps</strong></span> <span class='ocrx_word' id='word_1_175' title='bbox 1209 2769 1210 2804; x_wconf 43' lang='lat' dir='ltr'><strong>r</strong></span> 
     </span>
     <span class='ocr_line' id='line_1_26' title="bbox 171 2813 1170 2894; baseline 0.001 -27"><span class='ocrx_word' id='word_1_176' title='bbox 171 2813 337 2894; x_wconf 73' lang='lat' dir='ltr'><strong>9passione</strong></span> <span class='ocrx_word' id='word_1_177' title='bbox 351 2827 382 2880; x_wconf 81' lang='lat' dir='ltr'><strong>p.</strong></span> <span class='ocrx_word' id='word_1_178' title='bbox 492 2818 523 2866; x_wconf 93' lang='lat'><strong>11</strong></span> <span class='ocrx_word' id='word_1_179' title='bbox 549 2813 590 2868; x_wconf 89' lang='lat' dir='ltr'><strong>De</strong></span> <span class='ocrx_word' id='word_1_180' title='bbox 613 2813 792 2868; x_wconf 74' lang='lat' dir='ltr'><strong>reumatismo</strong></span> <span class='ocrx_word' id='word_1_181' title='bbox 813 2830 843 2883; x_wconf 81' lang='lat' dir='ltr'><strong>p.</strong></span> <span class='ocrx_word' id='word_1_182' title='bbox 954 2820 986 2869; x_wconf 78' lang='grc'><strong>13</strong></span> <span class='ocrx_word' id='word_1_183' title='bbox 1012 2813 1135 2870; x_wconf 83' lang='lat' dir='ltr'><strong>asellatio</strong></span> <span class='ocrx_word' id='word_1_184' title='bbox 1147 2831 1170 2883; x_wconf 79' lang='lat' dir='ltr'><strong>p,</strong></span> 
     </span>
     <span class='ocr_line' id='line_1_27' title="bbox 171 2883 1170 2954; baseline 0.001 -17"><span class='ocrx_word' id='word_1_185' title='bbox 171 2883 289 2938; x_wconf 66' lang='lat' dir='ltr'><strong>aselano</strong></span> <span class='ocrx_word' id='word_1_186' title='bbox 315 2899 336 2938; x_wconf 88' lang='lat' dir='ltr'><strong>c.</strong></span> <span class='ocrx_word' id='word_1_187' title='bbox 428 2888 463 2937; x_wconf 85' lang='lat'><strong>14</strong></span> <span class='ocrx_word' id='word_1_188' title='bbox 486 2885 515 2938; x_wconf 83' lang='lat' dir='ltr'><strong>el</strong></span> <span class='ocrx_word' id='word_1_189' title='bbox 537 2885 599 2954; x_wconf 79' lang='lat' dir='ltr'><strong>(orn.</strong></span> <span class='ocrx_word' id='word_1_190' title='bbox 613 2887 645 2954; x_wconf 77' lang='lat' dir='ltr'><strong>pl</strong></span> <span class='ocrx_word' id='word_1_191' title='bbox 665 2885 729 2940; x_wconf 81' lang='lat' dir='ltr'><strong>odd.</strong></span> <span class='ocrx_word' id='word_1_192' title='bbox 743 2891 786 2953; x_wconf 76' lang='lat'><strong>11⁰·</strong></span> <span class='ocrx_word' id='word_1_193' title='bbox 877 2887 907 2940; x_wconf 85' lang='lat' dir='ltr'><strong>el</strong></span> <span class='ocrx_word' id='word_1_194' title='bbox 925 2915 959 2926; x_wconf 89' lang='lat'>-</span> <span class='ocrx_word' id='word_1_195' title='bbox 979 2902 1075 2941; x_wconf 87' lang='lat' dir='ltr'><strong>morsu</strong></span> <span class='ocrx_word' id='word_1_196' title='bbox 1092 2901 1136 2940; x_wconf 86' lang='lat' dir='ltr'><strong>om.</strong></span> <span class='ocrx_word' id='word_1_197' title='bbox 1153 2899 1170 2948; x_wconf 85' lang='lat' dir='ltr'><strong>e,</strong></span> 
     </span>
     <span class='ocr_line' id='line_1_28' title="bbox 171 2953 1169 3025; baseline -0.002 -16"><span class='ocrx_word' id='word_1_198' title='bbox 171 2954 220 3009; x_wconf 82' lang='lat' dir='ltr'><strong>ubi</strong></span> <span class='ocrx_word' id='word_1_199' title='bbox 242 2969 306 3008; x_wconf 88' lang='lat' dir='ltr'><strong>cum</strong></span> <span class='ocrx_word' id='word_1_200' title='bbox 328 2969 422 3008; x_wconf 83' lang='lat' dir='ltr'><strong>morsu</strong></span> <span class='ocrx_word' id='word_1_201' title='bbox 445 2953 475 3008; x_wconf 88' lang='lat' dir='ltr'><strong>in</strong></span> <span class='ocrx_word' id='word_1_202' title='bbox 500 2971 533 3010; x_wconf 89' lang='lat' dir='ltr'><strong>eo</strong></span> <span class='ocrx_word' id='word_1_203' title='bbox 552 2957 666 3010; x_wconf 79' lang='lat' dir='ltr'><strong>onmtur</strong></span> <span class='ocrx_word' id='word_1_204' title='bbox 683 2956 798 3025; x_wconf 79' lang='lat' dir='ltr'><strong>(—ral&#39;)</strong></span> <span class='ocrx_word' id='word_1_205' title='bbox 817 2957 912 3011; x_wconf 79' lang='lat' dir='ltr'><strong>aulem</strong></span> <span class='ocrx_word' id='word_1_206' title='bbox 931 2972 1028 3011; x_wconf 87' lang='lat' dir='ltr'><strong>eorum</strong></span> <span class='ocrx_word' id='word_1_207' title='bbox 1047 2957 1122 3012; x_wconf 72' lang='lat' dir='ltr'><strong>calce</strong></span> <span class='ocrx_word' id='word_1_208' title='bbox 1138 2954 1169 3009; x_wconf 81' lang='lat' dir='ltr'><strong>sie</strong></span> 
     </span>
     <span class='ocr_line' id='line_1_29' title="bbox 171 3024 1209 3097; baseline 0.002 -17"><span class='ocrx_word' id='word_1_209' title='bbox 171 3024 298 3096; x_wconf 80' lang='lat' dir='ltr'><strong>galienus</strong></span> <span class='ocrx_word' id='word_1_210' title='bbox 323 3029 370 3079; x_wconf 84' lang='lat' dir='ltr'><strong>ele.</strong></span> <span class='ocrx_word' id='word_1_211' title='bbox 398 3026 431 3079; x_wconf 78' lang='lat' dir='ltr'><strong>in</strong></span> <span class='ocrx_word' id='word_1_212' title='bbox 454 3025 498 3080; x_wconf 76' lang='lat' dir='ltr'><strong>bie</strong></span> <span class='ocrx_word' id='word_1_213' title='bbox 525 3025 584 3081; x_wconf 84' lang='lat' dir='ltr'><strong>sine</strong></span> <span class='ocrx_word' id='word_1_214' title='bbox 611 3043 705 3082; x_wconf 87' lang='lat' dir='ltr'><strong>morsu</strong></span> <span class='ocrx_word' id='word_1_215' title='bbox 728 3043 751 3096; x_wconf 83' lang='lat' dir='ltr'><strong>p</strong></span> <span class='ocrx_word' id='word_1_216' title='bbox 774 3052 808 3073; x_wconf 62' lang='grc' dir='ltr'><strong>ε</strong></span> <span class='ocrx_word' id='word_1_217' title='bbox 831 3026 862 3081; x_wconf 92' lang='lat' dir='ltr'><strong>in</strong></span> <span class='ocrx_word' id='word_1_218' title='bbox 886 3043 921 3082; x_wconf 92' lang='lat' dir='ltr'><strong>eo</strong></span> <span class='ocrx_word' id='word_1_219' title='bbox 946 3029 1009 3097; x_wconf 83' lang='lat' dir='ltr'><strong>(pro</strong></span> <span class='ocrx_word' id='word_1_220' title='bbox 1037 3027 1095 3083; x_wconf 85' lang='lat' dir='ltr'><strong>sine</strong></span> <span class='ocrx_word' id='word_1_221' title='bbox 1120 3026 1209 3092; x_wconf 49' lang='lat' dir='ltr'><strong>eoll1</strong></span> 
     </span>
     <span class='ocr_line' id='line_1_30' title="bbox 171 3085 1209 3170; baseline 0.001 -18"><span class='ocrx_word' id='word_1_222' title='bbox 171 3113 192 3154; x_wconf 84' lang='lat' dir='ltr'><strong>c.</strong></span> <span class='ocrx_word' id='word_1_223' title='bbox 280 3101 312 3150; x_wconf 78' lang='lat' dir='ltr'><strong>lo</strong></span> <span class='ocrx_word' id='word_1_224' title='bbox 335 3095 450 3165; x_wconf 81' lang='lat' dir='ltr'><strong>Gurap</strong></span> <span class='ocrx_word' id='word_1_225' title='bbox 473 3097 519 3166; x_wconf 79' lang='lat' dir='ltr'><strong>(ef.</strong></span> <span class='ocrx_word' id='word_1_226' title='bbox 543 3114 558 3152; x_wconf 86' lang='lat' dir='ltr'><strong>c</strong></span> <span class='ocrx_word' id='word_1_227' title='bbox 580 3099 617 3152; x_wconf 84' lang='lat' dir='ltr'><strong>ad</strong></span> <span class='ocrx_word' id='word_1_228' title='bbox 638 3115 663 3153; x_wconf 85' lang='lat' dir='ltr'><strong>c.</strong></span> <span class='ocrx_word' id='word_1_229' title='bbox 687 3100 741 3168; x_wconf 81' lang='grc'>14).</span> <span class='ocrx_word' id='word_1_230' title='bbox 849 3113 945 3153; x_wconf 88' lang='lat' dir='ltr'><strong>eorum</strong></span> <span class='ocrx_word' id='word_1_231' title='bbox 963 3114 991 3153; x_wconf 84' lang='lat' dir='ltr'><strong>e:</strong></span> <span class='ocrx_word' id='word_1_232' title='bbox 1013 3098 1132 3169; x_wconf 83' lang='lat' dir='ltr'><strong>ipsorum</strong></span> <span class='ocrx_word' id='word_1_233' title='bbox 1145 3085 1209 3170; x_wconf 60' lang='lat' dir='ltr'><strong>pl</strong></span> 
     </span>
     <span class='ocr_line' id='line_1_31' title="bbox 170 3165 1169 3238; baseline 0 -16"><span class='ocrx_word' id='word_1_234' title='bbox 170 3166 296 3238; x_wconf 78' lang='lat' dir='ltr'><strong>galienus</strong></span> <span class='ocrx_word' id='word_1_235' title='bbox 315 3183 330 3222; x_wconf 86' lang='lat' dir='ltr'><strong>e</strong></span> <span class='ocrx_word' id='word_1_236' title='bbox 348 3165 413 3237; x_wconf 84' lang='lat' dir='ltr'><strong>(gal&#39;</strong></span> <span class='ocrx_word' id='word_1_237' title='bbox 428 3168 462 3237; x_wconf 84' lang='lat' dir='ltr'><strong>p)</strong></span> <span class='ocrx_word' id='word_1_238' title='bbox 481 3167 551 3224; x_wconf 75' lang='lat' dir='ltr'><strong>ubi?</strong></span> <span class='ocrx_word' id='word_1_239' title='bbox 578 3169 611 3223; x_wconf 79' lang='lat' dir='ltr'><strong>in</strong></span> <span class='ocrx_word' id='word_1_240' title='bbox 636 3169 705 3224; x_wconf 77' lang='lat' dir='ltr'><strong>libro</strong></span> <span class='ocrx_word' id='word_1_241' title='bbox 728 3168 887 3238; x_wconf 55' lang='lat' dir='ltr'><strong>madito?</strong></span> <span class='ocrx_word' id='word_1_242' title='bbox 916 3187 955 3225; x_wconf 77' lang='lat' dir='ltr'><strong>on</strong></span> <span class='ocrx_word' id='word_1_243' title='bbox 980 3171 1013 3225; x_wconf 78' lang='lat' dir='ltr'><strong>fo</strong></span> <span class='ocrx_word' id='word_1_244' title='bbox 1036 3175 1111 3225; x_wconf 69' lang='lat' dir='ltr'><strong>uxta</strong></span> <span class='ocrx_word' id='word_1_245' title='bbox 1125 3183 1169 3223; x_wconf 82' lang='lat' dir='ltr'><strong>uer·</strong></span> 
     </span>
     <span class='ocr_line' id='line_1_32' title="bbox 169 3237 1168 3296; baseline -0.002 -2"><span class='ocrx_word' id='word_1_246' title='bbox 169 3239 256 3294; x_wconf 67' lang='lat' dir='ltr'><strong>amnis</strong></span> <span class='ocrx_word' id='word_1_247' title='bbox 273 3243 322 3294; x_wconf 78' lang='lat' dir='ltr'><strong>vet.</strong></span> <span class='ocrx_word' id='word_1_248' title='bbox 341 3238 467 3293; x_wconf 76' lang='lat' dir='ltr'><strong>latinae?</strong></span> <span class='ocrx_word' id='word_1_249' title='bbox 548 3245 581 3294; x_wconf 86' lang='lat' dir='ltr'><strong>1o</strong></span> <span class='ocrx_word' id='word_1_250' title='bbox 600 3239 642 3294; x_wconf 81' lang='lat' dir='ltr'><strong>aii</strong></span> <span class='ocrx_word' id='word_1_251' title='bbox 659 3240 702 3295; x_wconf 83' lang='lat' dir='ltr'><strong>uu</strong></span> <span class='ocrx_word' id='word_1_252' title='bbox 719 3237 839 3295; x_wconf 79' lang='lat' dir='ltr'><strong>lavacris</strong></span> <span class='ocrx_word' id='word_1_253' title='bbox 857 3239 938 3295; x_wconf 86' lang='lat' dir='ltr'><strong>dabis</strong></span> <span class='ocrx_word' id='word_1_254' title='bbox 957 3240 1056 3296; x_wconf 86' lang='lat' dir='ltr'><strong>calidis</strong></span> <span class='ocrx_word' id='word_1_255' title='bbox 1074 3243 1102 3296; x_wconf 80' lang='lat' dir='ltr'><strong>ei</strong></span> <span class='ocrx_word' id='word_1_256' title='bbox 1117 3255 1168 3294; x_wconf 86' lang='lat' dir='ltr'><strong>cen·</strong></span> 
     </span>
     <span class='ocr_line' id='line_1_33' title="bbox 171 3309 1168 3393; baseline -0.002 -29"><span class='ocrx_word' id='word_1_257' title='bbox 171 3309 298 3365; x_wconf 77' lang='lat' dir='ltr'><strong>ebrioliva</strong></span> <span class='ocrx_word' id='word_1_258' title='bbox 315 3309 498 3393; x_wconf 73' lang='lat' dir='ltr'><strong>vaporatione</strong></span> <span class='ocrx_word' id='word_1_259' title='bbox 512 3325 535 3379; x_wconf 85' lang='lat' dir='ltr'><strong>c,</strong></span> <span class='ocrx_word' id='word_1_260' title='bbox 554 3309 595 3365; x_wconf 79' lang='lat' dir='ltr'><strong>eil</strong></span> <span class='ocrx_word' id='word_1_261' title='bbox 614 3309 661 3381; x_wconf 77' lang='lat' dir='ltr'><strong>frl3</strong></span> <span class='ocrx_word' id='word_1_262' title='bbox 679 3311 794 3366; x_wconf 88' lang='lat' dir='ltr'><strong>lavacra</strong></span> <span class='ocrx_word' id='word_1_263' title='bbox 807 3311 895 3380; x_wconf 87' lang='lat' dir='ltr'><strong>(-—cri</strong></span> <span class='ocrx_word' id='word_1_264' title='bbox 908 3316 973 3366; x_wconf 81' lang='lat' dir='ltr'><strong>ante</strong></span> <span class='ocrx_word' id='word_1_265' title='bbox 987 3312 1069 3381; x_wconf 83' lang='lat' dir='ltr'><strong>corr.)</strong></span> <span class='ocrx_word' id='word_1_266' title='bbox 1084 3309 1168 3368; x_wconf 77' lang='lat' dir='ltr'><strong>aalide.</strong></span> 
     </span>
     <span class='ocr_line' id='line_1_34' title="bbox 171 3379 1167 3451; baseline -0.001 -17"><span class='ocrx_word' id='word_1_267' title='bbox 171 3381 201 3435; x_wconf 78' lang='lat' dir='ltr'><strong>el</strong></span> <span class='ocrx_word' id='word_1_268' title='bbox 214 3380 395 3436; x_wconf 76' lang='lat' dir='ltr'><strong>constriclrva</strong></span> <span class='ocrx_word' id='word_1_269' title='bbox 409 3379 512 3436; x_wconf 79' lang='lat' dir='ltr'><strong>cibatio</strong></span> <span class='ocrx_word' id='word_1_270' title='bbox 522 3397 545 3450; x_wconf 79' lang='lat' dir='ltr'><strong>p</strong></span> <span class='ocrx_word' id='word_1_271' title='bbox 558 3382 606 3448; x_wconf 82' lang='lat' dir='ltr'><strong>(ef.</strong></span> <span class='ocrx_word' id='word_1_272' title='bbox 616 3380 689 3437; x_wconf 82' lang='lat' dir='ltr'><strong>Petr.</strong></span> <span class='ocrx_word' id='word_1_273' title='bbox 695 3398 726 3451; x_wconf 81' lang='lat' dir='ltr'><strong>p.</strong></span> <span class='ocrx_word' id='word_1_274' title='bbox 736 3385 815 3450; x_wconf 79' lang='lat'><strong><em>277).</em></strong></span> <span class='ocrx_word' id='word_1_275' title='bbox 880 3387 912 3436; x_wconf 84' lang='lat'><strong>18</strong></span> <span class='ocrx_word' id='word_1_276' title='bbox 927 3382 972 3437; x_wconf 89' lang='lat' dir='ltr'><strong>Ad</strong></span> <span class='ocrx_word' id='word_1_277' title='bbox 987 3401 1009 3439; x_wconf 90' lang='lat' dir='ltr'><strong>e.</strong></span> <span class='ocrx_word' id='word_1_278' title='bbox 1021 3385 1050 3438; x_wconf 81' lang='lat' dir='ltr'><strong>et</strong></span> <span class='ocrx_word' id='word_1_279' title='bbox 1062 3382 1167 3450; x_wconf 84' lang='lat' dir='ltr'><strong>yliaean</strong></span> 
     </span>
     <span class='ocr_line' id='line_1_35' title="bbox 171 3450 1168 3532; baseline -0.001 -27"><span class='ocrx_word' id='word_1_280' title='bbox 171 3451 232 3519; x_wconf 82' lang='lat' dir='ltr'><strong>(sic)</strong></span> <span class='ocrx_word' id='word_1_281' title='bbox 250 3467 273 3520; x_wconf 89' lang='lat' dir='ltr'><strong>e,</strong></span> <span class='ocrx_word' id='word_1_282' title='bbox 291 3450 437 3507; x_wconf 84' lang='lat' dir='ltr'><strong>De&#39;colica</strong></span> <span class='ocrx_word' id='word_1_283' title='bbox 445 3451 577 3532; x_wconf 85' lang='lat' dir='ltr'><strong>passione</strong></span> <span class='ocrx_word' id='word_1_284' title='bbox 591 3469 622 3521; x_wconf 70' lang='lat' dir='ltr'><strong>p,</strong></span> <span class='ocrx_word' id='word_1_285' title='bbox 696 3458 730 3509; x_wconf 78' lang='lat'><strong>20</strong></span> <span class='ocrx_word' id='word_1_286' title='bbox 743 3451 811 3508; x_wconf 80' lang='lat' dir='ltr'><strong>lotis</strong></span> <span class='ocrx_word' id='word_1_287' title='bbox 824 3459 882 3523; x_wconf 77' lang='lat' dir='ltr'><strong>epis</strong></span> <span class='ocrx_word' id='word_1_288' title='bbox 899 3451 992 3509; x_wconf 78' lang='lat' dir='ltr'><strong>iteftis</strong></span> <span class='ocrx_word' id='word_1_289' title='bbox 1010 3453 1077 3509; x_wconf 76' lang='lat' dir='ltr'><strong>eolla</strong></span> <span class='ocrx_word' id='word_1_290' title='bbox 1095 3457 1136 3523; x_wconf 74' lang='lat' dir='ltr'><strong>qffi</strong></span> <span class='ocrx_word' id='word_1_291' title='bbox 1151 3465 1168 3518; x_wconf 85' lang='lat' dir='ltr'><strong>e,</strong></span> 
     </span>
     <span class='ocr_line' id='line_1_36' title="bbox 171 3520 1207 3593; baseline 0.007 -19"><span class='ocrx_word' id='word_1_292' title='bbox 171 3520 782 3593; x_wconf 75' lang='lat' dir='ltr'><strong>bobinaipsius(1⁹)1nbestinicoliquodp.</strong></span> <span class='ocrx_word' id='word_1_293' title='bbox 819 3524 855 3590; x_wconf 81' lang='lat' dir='ltr'><strong>cf.</strong></span> <span class='ocrx_word' id='word_1_294' title='bbox 876 3522 1132 3592; x_wconf 78' lang='lat' dir='ltr'><strong>Ooel.ox.3‚1l³.</strong></span> <span class='ocrx_word' id='word_1_295' title='bbox 1206 3555 1207 3570; x_wconf 53' lang='lat'>1</span> 
     </span>
    </p>
   </div>
   <div class='ocr_carea' id='block_1_8' title="bbox 0 0 1230 4014">
    <p class='ocr_par' dir='ltr' id='par_1_9' title="bbox 0 0 1230 4014">
     <span class='ocr_line' id='line_1_37' title="bbox 0 0 1230 4014; baseline 0 0"><span class='ocrx_word' id='word_1_296' title='bbox 0 0 1230 4014; x_wconf 95' lang='lat' dir='ltr'><strong> </strong></span> 
     </span>
    </p>
   </div>
  </div>
 </body>
</html>
