2510 4020
552 251 768 313 -16-

151 401 257 460 factam
290 396 380 458 biduo
412 395 459 456 vel
486 393 586 456 triduo
614 394 689 455 lacte
723 397 844 472 caprino
877 395 1006 474 nutries,
1039 404 1068 454 et
1100 403 1172 475 post

150 488 223 548 haec
247 484 400 546 adhibebis
424 484 570 545 adiutoria
593 484 831 563 metasyncritica
859 483 889 543 id
913 490 959 543 est
982 500 1057 562 quae
1081 501 1171 544 reno-

151 594 219 637 vare
246 574 362 635 valcant
390 574 565 653 temperiem
594 574 728 652 corporis
757 570 937 651 naturalem,
965 581 998 631 ut
1025 579 1095 632 sunt
1118 572 1170 633 de·

151 666 306 725 siccatoria
335 669 529 742 sympasmata
557 659 603 721 vel
632 670 731 721 cetera
759 678 834 738 quae
863 659 899 720 dc
923 659 1005 740 cyclo
1030 663 1171 741 superius

124 757 182 813 oin
205 755 343 832 passione
367 753 472 830 capitis
495 751 680 830 scripsimus,

405 909 493 971 Vllll.
530 910 579 970 hd
603 909 760 971 maculas
783 910 914 987 nigras.

192 1038 195 1044 “
240 1033 369 1096 blaculas
383 1036 483 1113 nigras
498 1031 604 1094 Graeci
618 1033 723 1112 alphus
739 1033 885 1094 melaenas
900 1041 1013 1094 vocant.
1042 1051 1170 1095 nascun-

152 1133 202 1186 tur
225 1122 381 1203 aliquando
404 1125 435 1182 in
459 1121 542 1182 vultu
565 1121 722 1200 aliquando
745 1124 776 1182 in
805 1120 934 1183 brachiis
958 1121 1115 1200 aliquando
1140 1126 1170 1184 in

151 1221 214 1274 toto
239 1230 379 1293 corpore,
401 1210 558 1289 aliquando
582 1211 683 1271 fuscae
707 1210 862 1289 aliquando
886 1213 988 1289 nigrae
1012 1211 1170 1290 aliquando

115 1317 140 1355 10
155 1319 276 1382 asperae
300 1301 391 1361 veluti
414 1317 568 1380 zernosae,
592 1317 665 1378 quas
690 1299 795 1360 Graeci
817 1298 989 1360 lichenodcs
1013 1299 1170 1380 appellant.

153 1410 190 1451 ex
213 1388 424 1451 melancholico
452 1388 577 1449 humore
605 1388 777 1449 alliciuntur
804 1387 834 1448 id
857 1395 903 1448 cst
926 1406 963 1448 ex
986 1390 1063 1467 nigri
1093 1388 1170 1450 fellis

153 1479 357 1540 redundantia.

241 1574 401 1648 propterea
434 1568 466 1626 in
495 1566 642 1645 principio
670 1567 833 1626 curationis
865 1565 1026 1626 cathartico
1060 1566 1170 1627 melan·

154 1655 302 1716 cholicum
320 1673 380 1715 non
400 1654 496 1714 solum
519 1652 612 1714 semel
630 1654 682 1714 sed
706 1653 881 1732 frequenter
902 1653 1052 1733 purgabis.
1090 1655 1171 1734 quod

115 1756 140 1796 1⁵
154 1744 350 1805 catharticum
369 1743 507 1804 conficies
527 1745 579 1802 sic.
616 1742 799 1822 epithymum
822 1745 967 1823 optimum
990 1742 1021 1803 id
1045 1749 1172 1804 estnon

154 1834 389 1894 vetustissimum
418 1839 449 1892 et
476 1850 513 1892 01
540 1831 614 1891 locis
642 1833 797 1892 maritimis
825 1839 977 1911 sumptum
1005 1833 1171 1910 quantitate

156 1923 324 1982 semunciae
343 1920 356 1980 l
380 1921 529 1999 decoques
551 1922 583 1980 in
602 1937 695 1998 aquae
717 1920 824 1982 calices
842 1919 962 1980 latiores
985 1937 1110 1980 numero
1130 1919 1172 1980 lll

156 2028 251 2088 usque
280 2009 316 2070 ad
344 2012 463 2070 tertiam
489 2017 618 2090 partem,
645 2017 718 2070 tunc
746 2008 903 2088 dngenter
930 2007 1057 2087 liquabis
1081 2017 1111 2070 et
1139 2013 1172 2070 in

155 2101 219 2178 ipsa
242 2097 415 2158 decoctione
439 2096 578 2158 miscebis
602 2097 754 2177 oxymellis
778 2096 922 2158 coclearia
944 2097 986 2157 lll
1009 2105 1039 2158 ct
1062 2099 1173 2159 iciunis

116 2186 248 2248 audebis.
290 2193 410 2267 etpost
433 2186 496 2247 dies
523 2187 707 2265 purgationis
730 2185 786 2246 alio
814 2185 1030 2247 medicamento
1061 2186 1171 2265 uteris]

64 2269 142 2364 ³²pr
156 2275 192 2336 ad
219 2275 349 2336 maculas
377 2277 477 2354 nigras
505 2283 535 2336 ct
562 2293 700 2335 zernosas
729 2282 759 2335 et
787 2275 822 2335 ad
852 2274 982 2335 maculas
1009 2276 1109 2354 nigras
1140 2277 1173 2336 in

155 2363 239 2425 vultu
258 2365 376 2424 leminis
394 2382 430 2424 01
450 2363 603 2424 abortione
622 2363 814 2443 praecedenti
837 2363 928 2424 lactas
947 2363 992 2423 vel
1014 2362 1171 2425 adustione

225 2525 238 2572 1
259 2516 349 2573 nutris
363 2533 410 2587 pc.
501 2524 517 2572 1
537 2515 685 2572 adhibebis
705 2532 719 2571 c
738 2515 845 2586 (Petam
865 2513 994 2570 adhibita
1010 2533 1038 2585 p.
1111 2535 1172 2574 me·

152 2590 196 2644 tas
216 2588 346 2645 incritica
355 2607 391 2658 p:
410 2589 532 2644 metasiu
546 2586 650 2644 cretica
665 2604 686 2642 0.
760 2592 777 2640 4
796 2586 990 2658 simplasmata
1003 2602 1050 2656 pc.
1123 2588 1173 2644 de-

153 2661 224 2715 ciclo
238 2678 270 2730 p,
289 2658 381 2714 deuito
402 2661 463 2730 (sic)
482 2678 504 2715 c.
606 2665 620 2713 7
640 2659 713 2713 aliua
733 2658 857 2713 melanas
877 2675 898 2727 0,
918 2657 990 2714 alfes
1008 2659 1172 2730 meleuasp

153 2731 264 2800 (alphos
290 2731 407 2785 meletos
428 2729 502 2786 Pctr.
522 2746 544 2786 c.
564 2731 622 2799 25).
716 2734 748 2783 10
767 2746 866 2784 zeuose
885 2746 906 2785 c.
996 2730 1120 2785 lioedoes
1139 2747 1173 2800 p,

152 2801 280 2856 licedone
299 2819 321 2857 c.
413 2799 1053 2871 110110111101(Ρο01.);0110111001ομ
1138 2807 1172 2857 la
1250 2841 1251 2844 ,

153 2871 320 2927 catarticum
333 2872 548 2927 melancolieum
557 2889 588 2942 p,
607 2871 743 2926 catartico
758 2871 944 2928 melancolico
960 2889 982 2928 0.
1056 2877 1174 2927 110011-
1250 2889 1251 2894 ¹

152 2943 213 2998 ficis
232 2961 247 2998 c
271 2943 384 3014 (Petu),
413 2942 558 2998 conficitur
577 2960 607 3012 p.
697 2942 843 3011 epithima
859 2987 864 2999 .
881 2984 887 2998 .
904 2986 910 2999 .
925 2943 1067 2999 semuncia
1082 2985 1088 2998 .
1103 2946 1124 2998 I.
1150 2961 1173 2999 0.

153 3013 251 3083 Epithi
268 3013 334 3070 novi
351 3029 408 3068 nou
426 3013 530 3070 veteris
548 3014 614 3070 exl
630 3031 666 3068 m.
686 3012 840 3081 collecti†
858 3013 917 3084 S.p
934 3016 1055 3085 (breuius
1074 3014 1173 3085 Pata).

155 3091 187 3140 17
207 3085 346 3154 decoquas
360 3102 391 3155 p.
482 3102 556 3155 aqua
575 3084 752 3140 culiceslll.
769 3102 803 3155 p,
827 3102 902 3154 aqua
924 3085 1026 3141 calices
1051 3085 1175 3141 laciores

154 3157 214 3226 (sic)
234 3156 366 3212 11110111.
386 3173 408 3211 c.
499 3163 532 3212 18
550 3158 662 3226 partem
680 3172 707 3211 c:
725 3172 776 3211 om.
792 3173 822 3226 p.
917 3155 1039 3227 liquabis
1057 3157 1173 3227 (Pacu

153 3226 256 3297 ligabis
270 3244 316 3297 pc.
404 3233 436 3282 19
451 3227 598 3283 dotatione
613 3229 655 3296 (ut
668 3229 765 3296 surpra)
780 3245 810 3296 p.
883 3227 1013 3283 miscebis
1026 3245 1063 3298 p:
1087 3243 1138 3284 om.
1160 3246 1176 3285 c

155 3298 252 3367 (addes
270 3298 363 3368 Peto).
436 3298 574 3354 oximeliis
592 3315 614 3366 c,
633 3298 733 3352 examl'
743 3315 774 3368 p.
848 3304 882 3354 11
903 3315 1030 3354 carnosas
1043 3314 1069 3369 9.
1144 3303 1176 3356 et

155 3369 245 3425 adm.
264 3369 360 3440 nigrae
379 3386 462 3438 comp
482 3371 619 3439 (nocuo).
692 3369 824 3425 inroitu.
838 3369 868 3424 in
882 3369 994 3426 feminis
1008 3387 1033 3442 p,
1052 3369 1175 3441 (nigras)

154 3439 320 3565 lempnarum
336 3458 358 3506 0,
377 3440 408 3495 iu
421 3441 503 3496 vultu
516 3441 571 3496 viri
585 3457 635 3495 seu
648 3439 752 3495 semiue
765 3457 784 3510 p
803 3441 843 3510 (in
861 3441 942 3498 vultu
955 3441 1058 3497 semine
1075 3441 1174 3512 Palm).

156 3513 327 3583 1100109.
