2452 4014
510 246 751 310 -116-

211 395 356 473 contingit
374 410 491 453 morsus
513 399 543 453 et
565 392 707 453 ulceratio
732 409 767 451 ex
791 388 979 452 antecedenti
1001 389 1141 451 humoris

122 482 259 546 acredine
283 490 314 543 et
336 481 421 542 dolor
444 481 509 541 lieri
532 479 608 542 solet
629 482 715 541 initio
733 481 837 540 urinae
861 477 1062 540 excludendae
1087 485 1142 540 aut

121 575 152 634 in
175 573 233 634 tine
257 569 455 652 explicandae.
963 613 968 621 ,

210 663 283 722 item
304 661 336 720 in
354 659 452 719 vesica
469 657 597 738 paralysi
616 659 715 718 vitiata
738 665 789 718 ant
811 656 953 736 paulatim
976 658 1063 718 urina
1083 674 1140 736 per

95 758 221 830 5guttas
248 745 462 812 insensibiliter
489 745 670 828 excluditur,
701 748 727 806 sl
754 765 791 806 ex
818 754 903 826 parte
930 747 1022 807 tuerit
1050 753 1141 825 tacta,

122 847 173 900 aut
194 836 391 899 involuntarie
416 834 504 897 simul
527 833 646 896 exclusa
668 834 851 916 ostenditur,
876 836 902 896 si
925 836 1022 895 omnis
1044 834 1140 895 luerit

121 929 229 989 vitiata.

212 1022 258 1076 est
275 1015 385 1074 iterum
405 1013 495 1075 altera
513 1014 612 1092 passio
631 1030 667 1072 ex
691 1013 905 1075 incontinentia
925 1013 1029 1074 urinae
1053 1029 1139 1091 para-

121 1105 177 1184 lysi
204 1104 320 1164 vesicae
348 1102 487 1164 deterior.
530 1119 566 1161 ex
594 1101 717 1162 renibus
744 1100 955 1162 descendentis
983 1108 1013 1160 et
1039 1103 1142 1162 vesica

83 1207 108 1246 10
123 1194 320 1272 compatiente
352 1191 495 1271 efficitur,
531 1198 562 1250 et
593 1188 757 1269 appellatur
789 1207 805 1250 a
838 1188 959 1252 Graecis
994 1188 1142 1269 diabetes,

123 1280 270 1361 siquidem
298 1298 365 1340 mox
392 1280 514 1359 potione
542 1284 663 1358 accepta
689 1296 745 1358 per
772 1276 903 1339 uribales
929 1280 992 1339 vias
1013 1280 1139 1340 raritate

122 1369 325 1431 membrorum
358 1369 536 1429 interiorum
568 1366 732 1428 descendat
765 1375 915 1446 tamquam
951 1385 1006 1447 per
1040 1369 1142 1428 inania

122 1461 244 1520 teratur.
286 1458 384 1519 rarius
412 1455 532 1536 quidem
556 1456 702 1534 contingit
724 1455 797 1517 haec
821 1458 935 1537 passio,
962 1455 1014 1516 sed
1038 1455 1141 1518 subito

122 1549 265 1608 nascitur.
298 1554 328 1606 et
345 1554 392 1606 est
409 1547 530 1605 omnino
549 1543 731 1606 incurabilis.
764 1544 855 1624 aliqui
874 1544 950 1606 hanc
968 1546 1141 1625 passionem

84 1650 109 1690 15
124 1635 315 1716 hydropismo
339 1631 525 1714 adscribunt,
553 1635 692 1712 quoniam
716 1635 806 1694 nimia
828 1634 878 1694 siti
905 1635 1052 1713 patientes
1076 1633 1140 1694 aiti-

124 1726 242 1785 ciantur
265 1731 295 1784 et
318 1721 505 1785 subalbidum
529 1729 559 1782 et
582 1739 727 1802 aquosum
751 1720 865 1784 vultum
888 1722 1055 1784 ostendant.

213 1813 358 1892 contingit
387 1813 496 1872 iterum
520 1828 556 1870 ex
580 1809 703 1871 renibus
730 1810 870 1871 ulceratis
885 1810 1141 1891 'sanguinolentus

124 1904 254 1963 minctus
277 1909 328 1963 aut
351 1902 487 1961 saniosus
510 1899 556 1960 vel
580 1898 765 1973 subalbidus,
789 1898 945 1978 aliquando
969 1917 1038 1961 oum
1055 1902 1142 1979 gravi

123 1989 230 2072 odore,
253 1991 411 2051 attestante
434 1990 552 2049 renium
575 1986 678 2048 dolore
702 1997 732 2048 et
754 1985 846 2049 illum.
883 1989 909 2049 si
927 2007 999 2049 vero
1017 1990 1140 2068 sanguis

85 2092 110 2131 20
123 2096 218 2160 purus
242 2079 333 2140 luerit
356 2078 509 2157 exclusus,
537 2079 725 2160 eruptionem
753 2093 844 2137 venae
873 2085 924 2139 aut
948 2076 1141 2157 putredinem

122 2168 219 2247 ipsius
248 2165 394 2245 significat
420 2166 450 2226 iu
474 2162 597 2225 renibus
620 2174 672 2227 aut
694 2167 791 2226 vesica
819 2165 926 2227 iactam
949 2166 1056 2244 luisse,
1080 2184 1141 2246 qua

124 2256 188 2316 loca
212 2271 287 2334 quae
310 2255 465 2333 patiuntur
487 2250 589 2314 dolore
613 2252 727 2333 pulsata
750 2254 1013 2334 desanguinentur.

196 2431 212 2479 2
232 2423 398 2480 excludente
416 2439 430 2480 σ
449 2424 508 2494 (qui
527 2439 577 2478 om.
597 2427 647 2479 eut
665 2456 698 2464 —-
719 2423 902 2495 explicando).
975 2431 992 2479 4
1008 2424 1075 2480 item
1095 2425 1139 2480 in:

124 2499 242 2564 tiemo,
261 2495 365 2551 Iterum
382 2495 412 2550 in
425 2510 456 2564 p.
564 2495 686 2566 pritiete
699 2512 729 2566 p.
838 2495 964 2551 oomnis
981 2512 1009 2564 σ,
1031 2497 1094 2550 tota
1106 2513 1139 2566 p.

125 2573 155 2626 et
168 2570 212 2624 eat
220 2585 252 2636 p.
324 2573 341 2621 9
355 2564 549 2622 descendentis
564 2567 611 2636 (sc.
626 2565 748 2635 urinae):
766 2565 918 2622 daaoondos
933 2568 997 2635 (aio)
1007 2583 1039 2636 p,
1052 2582 1104 2624 one.
1116 2583 1140 2622 σ.

125 2646 159 2695 10
177 2640 308 2694 diabeten
327 2654 355 2703 c,
372 2639 436 2692 -ie
453 2653 482 2706 p.
562 2643 594 2691 11
614 2653 678 2692 mox
696 2635 812 2707 potione
830 2640 948 2708 eccepto
965 2654 993 2704 o,
1019 2654 1083 2694 mox
1108 2641 1142 2693 ut

123 2707 835 2840 tttitttttttbtttttmititte
870 2709 1141 2836 tutudttt·

123 2797 233 2906 urinaxl
253 2851 340 2920 (uias)
354 2850 411 2920 prid
428 2850 492 2919 (sic)
504 2849 628 2905 rarimtia
642 2850 830 2906 membrorum
843 2845 1009 2906 interiorum
1023 2822 1142 2906 densans

125 2922 199 2991 disp
217 2921 265 2988 (cf.
279 2921 359 2976 Alce.
374 2921 421 2976 lot.
435 2920 457 2988 f.
473 2926 551 2976 104⁵:
570 2920 638 2990 quio
651 2938 715 2976 cum
732 2921 838 2977 biberit
850 2937 915 2976 mox
928 2921 1052 2978 decurrit
1064 2922 1141 2978 sicut

123 2993 255 3064 potatum
276 2991 332 3046 fuit
353 3007 404 3062 por
423 2991 545 3046 vesicam
569 2996 599 3048 et
620 2993 768 3060 ventrem).
877 2997 910 3046 12
928 3010 978 3062 por
996 2991 1094 3048 inania
1112 3010 1140 3049 c:

123 3069 240 3136 praemi
262 3063 325 3131 (sie)
348 3079 379 3132 p.
489 3068 522 3117 15
545 3063 587 3133 i(y
596 3062 773 3134 p)dropismo
794 3079 836 3133 ep.
944 3063 1089 3120 ascribunt
1116 3081 1139 3120 e.

124 3134 256 3204 quoniam
270 3133 339 3203 (qm)
353 3151 379 3190 c:
396 3132 540 3216 Siquidem
553 3150 583 3203 p.
649 3140 682 3189 16
696 3136 726 3190 et
740 3136 815 3205 (onte
823 3136 939 3203 aqlom.
952 3151 980 3205 p.
1044 3137 1140 3191 osben-

77 3253 81 3260 .
124 3207 195 3260 dunt
208 3222 249 3274 op.
315 3211 347 3260 17
362 3203 552 3274 Contingitp:
566 3204 633 3260 Exit
645 3222 669 3260 c.
735 3211 767 3261 18
781 3205 932 3274 aliquando
947 3222 1012 3261 eum
1025 3223 1053 3262 c:
1068 3210 1100 3262 et
1109 3224 1139 3277 p.

126 3283 159 3334 to
173 3277 365 3345 muscaneap
380 3276 470 3344 (aii-
483 3278 517 3344 σ).
603 3276 711 3330 renium
729 3292 757 3346 c,
774 3293 872 3332 renum
883 3293 915 3347 p.
987 3275 1140 3348 iliorump

124 3347 198 3416 (dhir
220 3349 254 3416 c).
344 3353 379 3402 20
396 3349 540 3418 arruptdea
563 3346 598 3415 (ir
615 3348 666 3403 det.
685 3350 766 3417 corr.)
780 3364 811 3419 p.
901 3364 973 3404 vene
998 3346 1142 3418 significat

124 3420 174 3474 out
187 3434 219 3487 p.
318 3422 351 3472 21
371 3418 433 3489 ipse
450 3433 478 3486 σ,
496 3418 584 3489 ipsius
602 3433 671 3474 vene
686 3434 716 3487 p.
792 3418 932 3476 vescicem
950 3435 977 3486 σ,
996 3419 1093 3476 vesica
1108 3438 1140 3492 p.

125 3513 158 3561 22
174 3508 279 3577 quedl:
298 3496 342 3576 ud
357 3523 386 3577 p.
461 3523 516 3576 qua
535 3537 568 3547 —
589 3499 924 3576 (p.117‚2)patiuntur
942 3521 992 3564 om.
1007 3522 1033 3564 .σ.
