2510 4020
537 248 751 314 ..22-

129 389 242 458 Graeci
268 394 381 476 lepidas
408 403 522 456 vocant.
564 394 642 455 unde
672 411 779 454 nomen
807 411 823 452 a
847 391 969 454 Graecis
998 393 1080 473 lepra
1103 411 1153 456 ac-

136 487 224 566 cepit.
264 492 384 546 creatur
407 503 444 546 cx
467 481 680 545 melancholico
703 479 842 562 humore,
864 489 896 542 et
918 489 964 542 est
987 483 1153 544 curationis

135 572 272 636 difficilis.
805 579 822 608 ,-

225 661 280 724 alia
307 679 379 722 vero
406 663 538 723 nascitur
565 659 690 740 simplex
717 661 840 726 veniens
867 677 904 721 ex
930 659 1056 722 humore
1089 662 1154 723 acri

108 751 181 812 evol
200 750 285 812 salso.
322 759 352 812 ct
376 757 499 811 curatur
516 748 733 810 medicamento
752 747 886 809 scabioso
909 747 988 827 qued
1010 751 1153 827 psoricon

135 840 258 919 dicitur,
282 846 313 899 et
335 839 493 899 conficitur
516 840 568 900 sic.
606 836 758 917 sulphuris
781 839 838 898 vivi
861 848 896 898 ÷
919 835 932 897 l
956 844 986 897 ct
1009 835 1045 918 S,
1075 839 1151 916 picis

135 931 232 990 siccae
255 939 290 990 ÷
319 926 358 1008 ll,
388 945 474 988 cerae
498 941 532 990 ψ
555 925 609 1008 111,
637 925 761 1006 squillae
795 925 886 987 medii
913 939 947 987 ÷
975 924 1003 985 ll
1030 933 1067 1009 et¹
1093 925 1154 987 olei

134 1015 240 1077 libram
264 1015 290 1077 l:
312 1017 481 1078 minutatim
503 1014 617 1077 incides
646 1014 782 1094 squillam
805 1022 836 1074 ct
862 1015 954 1092 trigas
976 1016 1007 1074 in
1031 1012 1097 1074 oleo
1121 1023 1154 1075 et

134 1104 262 1186 liquabis
285 1105 384 1166 oleum
407 1112 437 1166 et
465 1106 670 1185 supermittes,
699 1111 730 1164 et
752 1101 884 1164 resolves
913 1120 988 1182 quac
1012 1100 1153 1163 solvenda

94 1207 120 1247 10
135 1203 219 1276 sunt,
247 1201 278 1255 ct
303 1201 461 1274 postquam
484 1194 596 1254 luerint
618 1191 749 1253 resoluta
771 1191 808 1252 ab
834 1192 903 1270 igne
928 1189 1015 1252 tolles
1038 1199 1068 1251 ct
1091 1189 1151 1252 sul·

133 1282 213 1363 phur
249 1281 285 1343 ad
322 1283 456 1344 ultimam
494 1283 669 1344 tenuitatem
701 1283 805 1342 tritum
838 1296 1083 1361 superasperges,
1122 1289 1154 1340 et

133 1370 267 1433 movebis
290 1371 385 1433 donec
409 1370 591 1450 coaguletur.

222 1460 302 1521 aliud
338 1463 478 1540 psoricon
515 1459 707 1538 emplastrum
740 1458 852 1520 faciens
883 1457 920 1519 ad
952 1456 1083 1518 scabiem
1121 1465 1153 1518 et

132 1546 254 1628 lepram.
292 1548 390 1609 salicis
413 1549 534 1616 corticis
557 1547 706 1608 combusti
726 1554 756 1608 et
779 1547 837 1608 olei
860 1549 975 1608 rosacei
998 1560 1033 1608 ·;ν
1055 1544 1154 1626 binas,

94 1651 120 1692 rs
133 1653 220 1698 cerae
249 1644 280 1697 et
307 1639 458 1715 aeruginis
477 1645 569 1697 'rasae
593 1649 628 1699 ÷
654 1634 797 1714 singulas:
830 1635 926 1696 solves
954 1651 1054 1695 ceram
1081 1653 1154 1696 cum

132 1723 198 1785 oleo
221 1742 353 1806 rosaceo,
379 1726 558 1786 cerularium
582 1725 670 1785 siccis
690 1726 842 1804 praetritis
861 1722 1039 1784 admiscebis
1058 1730 1088 1783 et
1106 1725 1151 1784 in·

132 1813 225 1874 duces
248 1815 279 1874 in
302 1811 456 1875 linteolum
480 1822 510 1874 et
533 1831 677 1893 appones,
705 1821 736 1872 et
764 1821 832 1892 post
854 1814 978 1873 tertium
1001 1811 1080 1873 diem
1103 1830 1151 1872 re·

132 1900 229 1963 solves
252 1911 282 1963 ct
305 1901 554 1963 medicamentum
581 1903 699 1963 auferes
728 1908 758 1961 ct
786 1919 917 1980 appones
940 1900 1090 1980 polentam
1114 1919 1153 1961 ex

132 1997 216 2051 aceto
245 1998 360 2052 coctam
388 1999 418 2051 et
445 1990 602 2070 diligenter
629 1992 743 2072 tritam,
771 1997 802 2051 et
828 1991 892 2070 ipsa
919 1991 1014 2050 uteris
1044 1987 1152 2050 diebus

93 2077 242 2160 aotribus,
279 2087 310 2140 at
341 2081 452 2140 iterum
479 2087 546 2160 post
576 2078 727 2160 polentam
758 2077 962 2159 supradictum
994 2077 1153 2138 inductum

132 2183 272 2246 appones.
309 2175 339 2228 et
362 2167 435 2228 haec
458 2168 548 2228 lacios
572 2186 667 2247 usque
692 2166 727 2226 ad
750 2168 914 2247 perlectam
939 2168 1104 2227 sanitatem.

203 2377 220 2426 a
244 2373 274 2426 et
297 2374 340 2427 est
358 2373 510 2428 curationis
533 2372 657 2429 difficilis
676 2389 702 2429 c:
728 2374 758 2428 et
776 2389 839 2428 cum
858 2373 893 2442 (i)
912 2371 1057 2427 curatione
1077 2371 1151 2426 diffi-
1240 2384 1241 2389 ’

132 2442 180 2497 cili
194 2459 224 2512 p.
297 2448 399 2499 lacre
417 2461 439 2500 c.
520 2443 685 2513 bsporicon
698 2459 744 2514 pc.
835 2449 883 2500 cet.
902 2444 938 2512 cf.
959 2443 1025 2498 ceu.
1045 2442 1084 2511 V,
1103 2447 1151 2512 28,

134 2520 174 2569 16.
249 2515 500 2588 6÷:²;c,-;·p.
572 2514 690 2584 picis-
706 2516 892 2585 (tietuinp.
966 2513 1152 2584 aliquaspc.

132 2587 225 2639 oleum
244 2602 272 2640 e:
300 2602 351 2642 om.
366 2604 397 2657 p.
486 2587 609 2643 resolves
632 2601 659 2642 c:
684 2585 769 2641 solvis
787 2601 818 2656 p.
916 2591 950 2640 10
972 2585 1096 2640 resoluta
1115 2602 1151 2654 p:

131 2656 224 2711 soluta
244 2674 265 2711 c.
328 2665 373 2728 ,11
392 2658 518 2728 aspergis
532 2675 562 2729 p.
644 2663 676 2712 12
695 2672 789 2712 moves
803 2673 848 2727 pc.
939 2657 1104 2725 coaguletur
1119 2673 1152 2726 c:

131 2727 315 2796 coagulentur
328 2745 360 2798 p.
469 2734 502 2784 ta
525 2729 655 2799 oporicen
668 2743 707 2798 pc
729 2729 785 2796 (sed
798 2735 834 2797 ρο
856 2726 1006 2796 psoricon).
1092 2743 1152 2781 em-

130 2796 288 2866 plaustrum
302 2816 333 2869 p.
370 2801 405 2867 cs.
420 2801 498 2870 enipi.
515 2801 553 2856 ud
571 2801 674 2870 lepram
693 2799 827 2867 npndPs.
844 2799 921 2853 Ptin.
936 2799 957 2865 s.
973 2796 1032 2854 79¹¹.
1117 2804 1152 2853 14

131 2867 282 2950 ccmbustir
303 2871 368 2925 -tc
386 2887 427 2940 cp.
518 2873 547 2927 et
563 2872 631 2939 (bis)
648 2886 698 2925 orn.
713 2885 744 2938 p.
830 2868 1049 2938 repressis.
1127 2870 1153 2938 ⁹,-
1213 2882 1253 2921 ,1

131 2939 256 3007 biraco:
285 2943 466 3012 arisi-Hp.
559 2947 592 2996 15
612 2941 778 3010 aii.†lp.
869 2946 904 2995 16
922 2957 961 2996 ro.
976 2957 1008 3010 p,
1026 2956 1108 2994 roseo
1129 2958 1152 2997 c.

131 3009 213 3064 siccis
240 3026 266 3065 cr
293 3010 364 3066 facis
388 3029 419 3082 p.
510 3012 650 3083 preteritis
674 3011 784 3082 (ptine)
802 3027 849 3082 pc.
940 3010 1078 3066 admisces
1102 3028 1151 3082 pc.

130 3080 240 3135 inducis
254 3097 300 3151 pc.
393 3089 425 3138 17
444 3082 612 3140 lintheolum
629 3100 656 3140 c:
682 3083 802 3150 lecteolo
815 3098 846 3152 p.
937 3083 968 3136 et
984 3082 1108 3138 resolves
1128 3100 1152 3138 e.

132 3157 166 3207 18
190 3152 298 3207 auferes
317 3171 344 3210 e:
370 3153 469 3210 afferes
483 3171 514 3224 p.
606 3157 636 3210 ct
657 3170 783 3225 appones
806 3170 833 3210 cr
861 3152 936 3222 quod
955 3153 996 3222 (q)
1014 3169 1103 3224 pones
1119 3171 1152 3224 p.

130 3222 276 3292 polentam
294 3225 427 3291 (farinam
449 3225 634 3281 hordeaceam
658 3242 692 3281 cx
709 3227 790 3281 aceto
808 3223 897 3280 Scrib.
916 3223 1002 3294 Laoc.
1021 3239 1045 3280 c.
1064 3228 1153 3294 252):

129 3293 278 3375 pnlentum
297 3313 323 3365 c,
349 3297 546 3374 (oppulenturn
560 3314 591 3368 p.
676 3313 710 3352 cx
724 3313 751 3352 c:
769 3295 799 3350 in
808 3311 839 3366 p.
931 3301 965 3350 19
983 3298 1153 3352 coctum...

130 3365 271 3421 tntum..
288 3367 429 3438 .ipsopc.
534 3375 568 3424 20
587 3367 737 3424 etiterum
755 3367 947 3436 polentump,
967 3368 1065 3422 catoni
1083 3370 1155 3436 post

129 3434 278 3559 pulentum
296 3454 317 3495 c.
398 3439 546 3496 inductum
563 3456 614 3496 cm.
630 3456 660 3510 p.
734 3444 767 3492 21
787 3437 873 3492 facies
891 3453 921 3493 c:
940 3436 1010 3492 fecis
1030 3438 1095 3507 (leis
1115 3463 1154 3486 a-

142 3505 213 3561 actis
233 3512 296 3564 ante
313 3512 395 3579 corr.)
409 3527 441 3581 p.
