2452 4014
511 239 752 305 -102-

124 389 295 468 agnoscitur
326 394 425 448 autom
457 385 530 446 haec
561 387 674 464 passio
692 386 831 464 quotiens
863 385 977 463 aegroti
1008 383 1143 464 plurimo

124 476 241 539 iastidio
274 474 472 537 laboraverint
505 481 640 554 tempore
671 473 800 555 prolixo,
833 480 983 536 cessante.
1002 474 1143 553 corporis

125 566 307 627 nutrimento
335 581 425 644 quiam
451 562 556 624 Gracci
584 563 708 624 ahoiian
734 569 850 624 vocant.
893 560 932 622 oh
955 561 1143 642 diligentiam

126 671 196 715 vcro
220 654 383 715 curationis
405 651 471 712 olco
494 659 615 712 rutacco
643 651 772 714 admixto
799 649 908 729 butyro
935 650 1086 729 tepefacto
1110 653 1142 711 in

99 745 269 804 tantcrioii
301 749 331 803 ct
361 741 522 820 posteliori
553 749 637 819 parte
670 738 854 802 stomachum
886 737 1003 800 diurnis
1032 737 1143 800 dichns
1221 769 1222 806 t

125 847 297 912 perungucs
315 838 346 892 ct
367 829 443 890 lanis
461 828 580 890 mundis
603 828 667 890 loca
684 827 796 890 tutohis
815 835 845 888 et
863 825 1010 888 iasciahis.
1050 829 1142 890 otiam

126 928 156 980 ct
183 937 238 999 per
265 917 424 979 inieriorcs
451 917 565 998 podicis
587 925 688 997 partes
714 919 858 980 iniectum
882 917 1036 997 magnifice
1059 918 1142 979 iacit.

214 1006 250 1067 ad
279 1005 424 1068 stomachi
451 1006 610 1068 deiectum.
652 1008 754 1068 viuum
782 1005 925 1086 nigciium
952 1015 982 1068 ct
1012 1007 1143 1068 tortissi-

125 1112 207 1157 mum
226 1103 257 1156 ct
275 1110 432 1157 carnosum
452 1093 606 1157 calefacies
629 1098 659 1157 in
678 1111 748 1156 vase
765 1111 842 1155 novo
862 1101 958 1156 testeo
982 1103 1033 1156 aut
1056 1103 1141 1158 certe
1222 1131 1223 1140 κ

85 1196 112 1237 ¹⁰
126 1201 217 1246 aeneo
247 1192 394 1264 stagnato,
422 1192 453 1245 et
480 1183 586 1245 exinde
615 1186 746 1266 spongiis
776 1182 892 1244 duabus
919 1183 1073 1246 latioribus
1107 1202 1142 1245 ac

123 1272 250 1334 rudibus
269 1281 300 1334 ct
323 1275 490 1334 concavatis
513 1273 627 1334 aitcrna
649 1274 813 1334 mutatione
835 1274 935 1352 ipsum
953 1271 1143 1335 stomachum

124 1361 230 1423 diebus
261 1361 359 1423 tn‘bus
391 1369 443 1423 aut
474 1362 607 1442 quinque
639 1363 747 1423 iciunis
773 1359 937 1440 vaporahis.
981 1361 1142 1441 aliquando

124 1468 194 1511 vcro
223 1453 249 1512 si
275 1450 343 1531 pius
370 1452 490 1512 virtutis
517 1452 615 1530 ipsum
643 1451 745 1511 vinum
772 1448 882 1510 hahere
905 1449 1048 1532 voluteris,
1078 1469 1141 1531 quo
1223 1509 1224 1519 ,

123 1541 220 1618 possit
241 1541 321 1600 vires
342 1537 504 1600 laborantis
528 1538 677 1619 depositas
698 1539 829 1619 erigere,
853 1539 969 1618 specics
992 1541 1142 1600 tonoticas

84 1637 111 1679 ¹⁶
125 1625 315 1708 admiscebis,
337 1626 368 1686 id
392 1633 438 1687 cst
460 1628 599 1689 mastices
624 1645 715 1708 grana
738 1627 929 1707 sufficientia,
956 1627 1141 1690 absinthium

99 1737 101 1744 s
123 1717 287 1796 ponticum,
306 1714 401 1796 aloen,
424 1715 645 1799 squinanthum,
664 1722 822 1798 storacem·
842 1718 942 1779 omnia
961 1717 998 1777 ad
1017 1716 1142 1778 modum

124 1806 224 1865 mittes
251 1812 283 1865 ct
310 1820 422 1883 coques
449 1806 481 1865 in
508 1805 576 1865 vino
604 1816 635 1866 ct
661 1807 705 1866 sic
731 1803 896 1884 vaporahis.
937 1804 1034 1866 hicme
1058 1823 1142 1887 *vero

109 1899 279 1977 ¹postquam
312 1895 513 1976 vaporaveris,
546 1901 576 1955 ct
603 1893 728 1955 nardino
756 1892 821 1954 olco
854 1893 948 1955 calido
978 1896 1141 1956 summisso

123 1989 153 2042 et
181 1980 337 2061 diligenter
365 1982 506 2044 calciacto
534 1999 706 2063 perungucs
735 1990 765 2042 et
788 1984 831 2044 sic
858 2000 993 2063 pumma
1020 1984 1141 2063 operies

83 2083 110 2124 ao
123 2078 155 2131 et
176 2080 210 2130 ut
232 2069 294 2130 dixi
317 2069 462 2132 iasciahis.

14 2174 84 2222 sumt·
98 2169 146 2212 Vl·
214 2157 376 2235 [trociscus
400 2158 511 2219 iaciens
535 2159 570 2218 ad
595 2158 739 2221 stomachi
761 2161 890 2220 atoniam
913 2167 944 2221 et
966 2159 1003 2221 ad
1025 2162 1141 2222 ventris

15 2329 18 2332 Ι
122 2248 349 2308 reumatismum
371 2246 542 2308 infantibus.
584 2263 704 2309 masuca
727 2248 856 2308 coniecti
874 2247 911 2310 dc
930 2248 1041 2310 vitibus
1063 2267 1139 2311 non-

192 2493 208 2542 2
227 2487 420 2543 laboraverint
436 2503 463 2560 9,
483 2493 584 2570 -mnt
601 2505 624 2556 c,
642 2489 774 2544 laborant
787 2506 819 2559 p.
910 2497 927 2545 8
951 2506 1037 2562 quam
1055 2474 1086 2616 Sc}
1106 2493 1141 2562 p)

120 2575 170 2628 op:
190 2559 325 2629 9,(9ιιοά)
343 2575 366 2616 c.
438 2562 565 2614 atrocaan
578 2576 604 2630 9,
623 2559 743 2615 atrofian
761 2576 777 2616 a
794 2561 879 2630 (—iia
893 2563 935 2632 9).
1008 2568 1025 2617 t
1044 2578 1142 2618 ocum

121 2633 267 2686 rutacenm
284 2647 315 2700 9,
339 2629 433 2686 oleum
451 2632 576 2685 rutacois
595 2647 622 2696 c,
646 2630 712 2685 ol'm
730 2633 844 2688 rutoaoo
858 2647 890 2702 9.
980 2633 1142 2690 admixtum

122 2700 284 2770 butirump
303 2701 367 2771 (-o
385 2702 437 2771 9ο).
509 2698 684 2772 tepefactum
701 2717 746 2771 99,
765 2703 831 2757 -to
850 2721 872 2760 c.
945 2702 1090 2759 odim-nis
1109 2722 1141 2775 9:

121 2771 259 2826 dinturnis
278 2787 321 2840 ep.
405 2777 581 2842 spemngas
598 2787 647 2842 99,
667 2788 771 2844 -guss
789 2790 811 2829 c.
902 2775 1011 2831 tutabis
1028 2791 1074 2847 oc:
1093 2778 1142 2831 tu·

120 2842 262 2912 habis'(ut
278 2845 390 2910 smper)
404 2859 435 2911 9.
526 2842 666 2898 'tiniactin
684 2861 710 2915 9.
799 2844 966 2902 tcnlcfacis
983 2863 1021 2918 99
1040 2847 1140 2917 (maic—

120 2911 204 2968 iachis
223 2914 257 2981 c).
359 2913 390 2966 in
407 2930 457 2968 aas
476 2929 581 2968 novum
598 2916 720 2969 testeum
739 2913 832 2984 (inuos
846 2919 970 2972 testeum
987 2934 1093 2972 novum
1113 2921 1139 2986 c)

120 3000 145 3040 a.
161 3000 184 3038 c.
199 2999 298 3038 oneum
313 2985 476 3054 stagnatum
488 2997 530 3053 cp.
604 2989 637 3039 12
650 2983 761 3042 ieiunus
774 3003 801 3056 9.
876 2993 909 3043 16
924 2987 1062 3044 admisces
1075 3005 1138 3058 ycp.

120 3054 247 3110 masticis
264 3071 298 3125 9ο
315 3056 377 3125 (-c
390 3056 433 3124 9).
508 3060 541 3111 lt
559 3056 704 3126 ponticum
727 3071 778 3112 om.
797 3075 838 3128 cp.
911 3058 1093 3128 squinantnm
1111 3078 1137 3130 9,

121 3125 181 3181 -ti
198 3141 225 3196 c,
245 3129 323 3181 —tos
336 3143 367 3195 p.
455 3131 487 3180 li
506 3125 597 3182 mittis
614 3143 665 3198 99,
684 3129 762 3183 —tas
781 3144 803 3184 o.
891 3133 923 3184 18
943 3128 1093 3185 summisso
1112 3147 1138 3199 9,

120 3197 257 3252 submisso
272 3212 312 3266 9).
388 3203 421 3252 tt
435 3213 574 3268 perungas
587 3215 632 3269 99,
648 3215 752 3269 -gues
766 3215 788 3256 c.
862 3199 954 3270 operis
968 3215 1028 3271 qq).
1103 3207 1136 3255 at

119 3284 188 3337 seqq.
198 3284 283 3338 ocosse
291 3269 329 3323 ad
341 3285 367 3323 o.
377 3273 413 3323 10
422 3272 519 3338 p.103
532 3271 693 3324 mandatust
705 3271 738 3324 in
745 3286 772 3338 9.
836 3271 938 3326 aconio
946 3287 970 3339 c,
983 3272 1140 3342 athomp.

121 3345 155 3394 22
174 3355 288 3394 masuca
306 3339 471 3409 (μωσυχΐὼ
490 3339 527 3406 cf.
546 3340 607 3394 Aac.
622 3345 667 3408 13,
686 3345 749 3396 118.
783 3341 864 3397 Alea.
885 3341 933 3396 Tr.
947 3359 979 3412 p.
995 3347 1064 3400 322.
1081 3347 1140 3399 470

119 3409 189 3467 Bao.
204 3415 251 3464 etc.
310 3426 426 3465 masona
441 3408 579 3465 confectio
591 3427 637 3466 ros
652 3410 763 3466 corticis
776 3413 907 3468 robustos
921 3413 974 3482 (sic
986 3430 1066 3470 wass
1079 3430 1140 3469 uoto

119 3502 183 3570 om.)
202 3516 229 3566 c,
252 3507 367 3555 masuca
384 3484 511 3569 (mastica
530 3523 563 3544 ==
582 3502 730 3554 mansueta
743 3502 789 3570 12⁰)
815 3500 954 3558 confectio
979 3502 1014 3558 de
1033 3502 1141 3561 vitibus
