2510 4020
469 250 685 315 „63-

80 398 236 457 siccatoriis
264 397 353 475 capiti
379 411 520 475 praeraso
553 398 700 476 impositis
730 395 862 478 curabis,
894 405 927 458 ut
959 404 1005 458 est
1036 397 1084 459 dia

78 487 152 546 iteon
181 484 388 565 emplastrum,
415 492 467 546 ant
493 484 631 567 barbara,
658 493 710 547 ant
736 485 809 548 illud
833 484 913 565 qnod
936 485 1085 565 appellant

80 573 120 634 dia
141 572 255 635 coclion
279 575 308 636 id
332 580 437 634 estex
460 573 570 635 cocleis
593 583 624 636 et
642 575 799 637 coniicitur
822 576 873 636 sic.
910 591 1030 636 murrae
1053 585 1085 638 et

79 664 147 724 turis
174 663 298 724 masculi
326 663 430 723 uncias
458 663 605 742 singulas,
633 664 748 726 cocleas
775 665 906 742 integras
934 679 1004 724 cum
1031 683 1083 726 soa

31 802 35 824 ,
78 759 148 813 testa
164 769 290 812 numero
308 749 345 831 V,
368 768 492 814 ovorum
511 751 666 832 albugines
684 752 724 817 ll:
747 756 777 815 in
797 752 880 831 girba
901 755 1035 814 contusis
1054 762 1110 815 ete

79 839 227 920 diligenter
257 840 344 902 simul
372 842 540 903 commixtis
568 843 658 921 capiti
685 851 720 904 ut
747 842 921 921 supradixi
949 859 1016 903 raso
1039 844 1083 904 in·

79 928 146 990 lines
168 937 199 991 ct
217 947 310 1010 super
332 929 487 991 linteolum
508 931 660 1012 impones,
683 940 714 992 et
736 934 817 992 sines
835 930 1084 994 medicamentum

79 1035 190 1080 manere
212 1018 320 1080 diebus
343 1035 457 1079 novem.
494 1027 526 1079 et
546 1020 590 1079 sio
613 1023 720 1100 topicis
738 1019 962 1082 medicamentis
984 1020 1015 1080 id
1039 1029 1085 1082 est

78 1105 211 1168 localibus
238 1110 361 1188 proprie
389 1109 461 1187 ipsis
488 1109 519 1168 in
546 1106 621 1168 locis
647 1111 751 1171 tuteris.
793 1108 850 1170 boc
878 1116 924 1170 est
955 1109 1035 1189 quod
1067 1129 1083 1170 a

79 1193 189 1258 Graecis
217 1198 377 1257 ozaenioon
406 1196 529 1258 dieitur:
556 1197 664 1277 recipit
691 1198 828 1260 aluminis
856 1200 942 1258 scissi
965 1215 1083 1260 murrae
1098 1213 1124 1252 1⁰

79 1283 261 1366 sandaracae,
294 1287 425 1347 omnium
457 1288 549 1346 trium
582 1284 619 1347 di
650 1294 822 1367 prosternas,
855 1288 932 1347 aeris
964 1289 1025 1348 usti
1055 1295 1085 1349 et

78 1373 159 1452 gallae
177 1373 215 1436 d?
233 1374 380 1454 singulas:
397 1373 556 1455 diligenter
573 1377 653 1436 tritis
671 1393 727 1456 per
745 1376 889 1438 calamum
910 1374 1085 1459 insuiilobis,

79 1463 209 1540 praelotis
232 1465 303 1524 rino
326 1462 405 1523 bono
427 1463 559 1525 naribus.

287 1622 405 1685 XXXll.
441 1624 490 1686 Ad
513 1623 673 1686 dentium
696 1624 864 1687 dolorem.

157 1747 340 1810 illiciuntur
372 1746 506 1808 dentium
541 1747 659 1810 dolores
687 1748 743 1811 sub
771 1766 883 1828 aquoso
917 1757 947 1810 et
978 1747 1084 1829 frigido
1100 1762 1124 1802 1⁵

77 1834 204 1916 dogmate
236 1834 501 1898 neumatizantibus
533 1838 672 1918 gingivis,
707 1844 741 1898 ut
771 1840 859 1898 etiam
891 1837 949 1917 ipsi
980 1837 1085 1898 dentes

79 1933 283 2008 caverncntur,
305 1927 431 1986 maxime
455 1924 497 1985 illl
516 1927 643 1986 maiores
661 1925 708 1986 rel
725 1925 852 1987 molares
874 1928 925 2005 qui
944 1933 1085 2004 quattuor

78 2014 218 2076 radicibus
247 2015 299 2074 fixi
327 2032 392 2075 esse
416 2022 595 2093 noscuntur,
623 2032 699 2093 quos
722 2014 827 2076 Graeci
855 2017 1012 2077 tetrarizus
1037 2034 1084 2077 vo·

78 2113 151 2186 cant,
173 2113 204 2166 ct
225 2102 387 2184 putrefacti
410 2102 491 2165 lividi
515 2110 546 2164 et
568 2105 646 2183 nigri
668 2111 700 2164 et
722 2106 753 2167 in
776 2121 865 2185 parva
887 2105 1084 2166 frustaoom·

77 2193 175 2255 minuti
207 2193 322 2254 relictis
354 2190 504 2253 radicibus
536 2200 704 2273 expuantur
720 2233 723 2239 -
742 2201 794 2255 aut
830 2201 912 2256 certe
944 2211 980 2254 ex
1011 2195 1125 2274 ipsisne

78 2282 194 2361 gingivis
218 2279 329 2362 quibus
352 2283 544 2342 continentur
566 2281 670 2343 laxatis
693 2281 843 2344 radicibus
866 2282 980 2344 cadant.

143 2455 209 2507 lui
227 2453 272 2508 eet
284 2467 321 2521 p:
345 2454 425 2508 utere
444 2468 465 2507 c.
556 2451 605 2508 dio
622 2451 735 2509 ohiieon
753 2469 775 2522 c,
796 2451 932 2508 dielitcon
946 2469 977 2522 p.
1068 2459 1084 2508 2

78 2522 265 2580 subbarbara
288 2553 320 2564 -
347 2525 384 2592 (8)
407 2523 508 2579 cocleis
531 2527 561 2579 et
583 2541 634 2580 om.
657 2541 672 2580 r
697 2526 756 2594 (qui
778 2524 875 2579 dende
897 2523 976 2580 babet
994 2521 1086 2578 Aliter

79 2591 114 2647 ric
130 2595 214 2650 mirre
229 2637 235 2650 .
252 2636 258 2649 .
274 2596 302 2665 .).
393 2593 577 2650 adiacodion
590 2611 621 2664 p.
712 2593 841 2650 laubias
856 2611 891 2664 p:
913 2595 936 2664 ξ
956 2610 977 2650 c.
1068 2600 1084 2648 5

78 2669 128 2719 m‘m
150 2683 175 2721 c:
199 2683 250 2721 om.
270 2682 300 2736 p.
409 2665 439 2719 in
468 2665 550 2737 girba
572 2666 660 2737 (gaba
681 2668 706 2735 c)
732 2663 856 2721 contusis
880 2664 1015 2737 (—cnssis
1037 2667 1085 2736 p):

79 2728 267 2815 opponendam
288 2735 395 2794 ocutos.
414 2753 474 2807 cup.
493 2742 519 2804 a,
537 2742 574 2792 ee
593 2761 627 2784 =
648 2737 695 2794 Po.
716 2738 779 2794 aar.
800 2737 895 2806 XIV,
914 2743 977 2794 aso.
1069 2743 1085 2791 c

78 2809 154 2861 umnl
185 2823 237 2864 orn.
271 2824 294 2862 c.
425 2807 513 2879 capiti
544 2826 570 2864 os
608 2817 656 2881 api
686 2825 709 2879 p
741 2812 788 2880 (12⁰
819 2811 851 2864 iu
881 2827 967 2882 marg.
1001 2813 1085 2879 oapi).

78 2873 200 2956 {niminis
217 2921 223 2934 .
239 2921 245 2934 .
262 2886 295 2936 ,i
316 2877 376 2934 onis
392 2923 398 2936 .
414 2879 524 2935 ..sinis
543 2895 583 2950 cp.
692 2879 977 2950 8novemp21Xc.
1069 2885 1085 2934 9

78 2962 146 3004 mo:
165 2954 286 3020 ceap(
313 2953 381 3018 etc).
454 2951 548 3007 uberis.
577 2953 705 3008 hoo'esi:
726 2953 962 3022 deceantur.
977 2967 1008 3021 ι).
1027 2955 1086 3008 207

79 3025 152 3090 top).
225 3021 301 3090 quod
319 3020 481 3092 appellatur
498 3039 517 3076 a
534 3039 575 3093 gr.
594 3023 725 3080 onenioon
739 3041 770 3094 p.
845 3025 923 3091 101}
943 3037 984 3094 cp.
1058 3023 1086 3076 ei

79 3089 660 3165 mixte.ebs.ed.3.llll.eris...-.p.
757 3096 951 3165 noiomp.
1052 3099 1085 3148 12

78 3159 145 3217 iares
163 3165 193 3218 eb
210 3179 281 3234 par.
298 3206 304 3219 .
320 3179 368 3234 .p.
443 3169 475 3219 16
494 3165 523 3220 eb
540 3165 643 3236 frigido
658 3183 680 3236 p
697 3166 813 3236 (Patr.):
831 3182 881 3223 om.
900 3165 964 3235 (sub
981 3179 1087 3232 aquosa

80 3245 109 3284 ex
121 3233 262 3304 flegmata)
275 3251 298 3291 o.
373 3241 404 3290 1t
420 3239 616 3305 concreatura,
630 3241 815 3293 cavernantnr
827 3238 893 3306 (sic)
896 3253 919 3306 p
931 3237 979 3305 (cf.
991 3236 1085 3304 Peto).

79 3302 193 3360 maiores
212 3306 342 3374 (maiores
361 3311 426 3362 ome
444 3323 514 3362 corr.
529 3311 561 3377 p)
579 3309 625 3364 vel
644 3323 694 3366 om.
714 3325 735 3364 o.
817 3314 851 3364 18
869 3324 929 3363 esse
946 3306 993 3361 fixi
1011 3323 1039 3362 n.
1053 3323 1085 3374 p.

79 3371 218 3432 laomim
236 3393 263 3446 c,
283 3391 364 3432 -xos
374 3384 410 3461 ρο
427 3377 553 3448 (reniam
567 3384 631 3436 onte
643 3395 713 3436 corr.
725 3383 766 3450 p).
841 3385 875 3434 ia
894 3381 924 3435 at
941 3379 1038 3449 (potr.)
1057 3392 1084 3431 c:

81 3457 138 3498 cum
147 3463 177 3516 p.
267 3466 295 3519 p.
315 3448 345 3504 ei
361 3448 443 3505 nvidi
457 3466 486 3519 p.
577 3450 652 3522 nigri
669 3451 744 3520 inp.
835 3456 870 3506 20
884 3451 1041 3521 expuentur
1048 3464 1085 3518 p:

81 3511 244 3586 despuantur
263 3535 285 3575 c.
358 3525 392 3575 21
410 3519 516 3576 cedunt
529 3537 560 3592 p.
1006 3559 1009 3568 ,
