2476 4012
401 197 706 321 1-177'-
779 207 781 212 ’

69 401 192 483 longae,
218 401 331 481 piperis
354 398 413 461 albi
440 408 470 462 et
492 399 574 480 longi
601 408 632 462 et
659 403 750 482 nigri,
779 403 861 463 croci
884 409 914 464 et
941 406 1089 486 sagapeni,

69 489 248 572 petroselini
279 488 476 570 macedonici,
507 491 640 551 omnium
670 492 839 569 specierum
871 489 951 552 Vllll
978 491 1002 564 9
1028 493 1087 553 sin·

68 579 171 661 gulae,
200 577 297 639 mellis
321 577 488 658 despumati
515 578 595 658 quod
618 579 779 640 suffecerit.
825 585 855 640 et
883 585 929 640 est
955 581 1088 660 perlecta

68 669 155 729 dosis
183 668 205 734 3
231 666 296 728 llll.
336 666 493 746 aliquantis
521 668 542 734 3
569 667 610 728 lll
637 666 735 750 dabis,
763 667 927 729 secundum
959 667 1088 730 hominis

68 759 182 838 crasin,
199 756 229 817 id
249 762 296 816 est
314 763 450 817 naturam
470 756 516 817 rel
535 758 761 837 temperantiam
780 758 924 836 corporis.
959 765 989 818 et
1007 765 1115 837 post-5

68 863 163 926 quam
191 845 348 924 diligenter
377 845 489 906 luerint
515 846 647 925 purgati,
674 845 719 906 lac
748 847 897 906 asininum
920 853 972 906 aut
994 849 1088 925 capri·

68 953 145 998 num
166 933 299 995 schiston
318 933 510 1016 appellatum,
533 936 612 995 siout
630 936 661 995 in
683 933 892 1017 dysentericis,
914 935 1089 1014 frequenter

68 1025 159 1105 potui
185 1021 284 1105 dabis,
312 1030 364 1083 aut
390 1025 523 1103 ptisanae
547 1040 654 1086 sucum
676 1031 728 1084 aut
755 1022 833 1083 laeui
859 1025 959 1102 graeci
982 1042 1088 1086 sucum

68 1112 210 1174 similiter
238 1111 322 1172 dabis
350 1109 388 1172 ob
416 1111 620 1172 lenificandam
647 1113 859 1173 intestinorum
886 1129 1021 1174 rasuram
1051 1131 1089 1174 ex

67 1201 262 1263 antecedenti
284 1199 360 1264 malo
383 1198 508 1261 humore
533 1201 677 1262 effectam.
1103 1215 1129 1254 ro

161 1288 250 1350 aliud.
287 1289 323 1349 ad
348 1288 551 1350 elefantiasim.
588 1290 783 1350 coriariorum
806 1307 859 1349 rus
884 1287 995 1351 herbae
1019 1292 1088 1350 viri-

67 1379 114 1442 dis
141 1396 215 1439 suco
239 1395 308 1439 cum
330 1379 399 1440 rino
422 1379 509 1448 tritae
533 1385 629 1438 totum
652 1376 766 1439 vultum
788 1394 886 1456 penna
908 1376 1015 1438 illines.

163 1466 251 1528 aliud.
288 1466 324 1527 ad
348 1473 501 1528 strumam.
538 1465 666 1546 amylum
693 1467 838 1546 optimum
864 1464 1003 1527 adiuncto
1026 1485 1088 1527 mo-

68 1558 139 1618 dico
164 1557 285 1616 cumino
313 1554 379 1616 albo
403 1573 471 1617 cum
495 1556 542 1617 ori
565 1554 714 1616 albumine
742 1555 826 1616 tenui
849 1562 929 1616 teres
953 1562 984 1616 et
1006 1555 1088 1616 horis

69 1646 215 1707 serotinis
238 1651 335 1705 totum
358 1644 471 1705 vultum
495 1643 620 1704 oblinies
636 1637 675 1705 'et
697 1661 752 1724 per
774 1650 866 1706 totam
889 1651 1008 1705 noctem
1031 1646 1129 1706 sic-1⁵

68 1736 133 1796 cari
161 1730 303 1794 dimittes.
346 1740 417 1794 tunc
447 1732 618 1794 lucescente
648 1731 697 1793 die
725 1732 831 1812 lrigida
863 1751 938 1812 aqua
970 1733 1089 1794 lavabis.

68 1821 230 1902 aliquando
259 1819 298 1883 ob
326 1823 508 1882 nimietatem
536 1821 707 1882 callositatis
735 1823 824 1881 etiam
848 1828 878 1882 et
905 1829 1005 1900 guttae
1029 1839 1089 1882 am·

67 1912 200 1973 moniaci
223 1917 442 1990 competentem
465 1909 586 1971 modum
610 1926 702 1988 supra
727 1909 814 1970 dictis
837 1909 1044 1970 admiscemus.

162 2015 293 2079 smegma
312 1999 424 2060 iaciens
444 1997 479 2058 ad
498 1997 626 2072 vultum,
649 1995 686 2058 ad
709 1996 880 2076 nigredines
900 2006 930 2058 et
949 1996 986 2058 ad
1002 1997 1088 2059 lenti·

67 2091 170 2170 gines,
203 2105 277 2167 qrras
303 2088 387 2150 lacus
415 2086 576 2169 appellant,
609 2094 640 2147 et
666 2085 703 2148 ad
735 2085 805 2148 solis
838 2088 986 2168 ustiones,
1016 2101 1129 2167 quaero

67 2177 194 2239 eselidas
218 2175 330 2237 dicunt.
371 2176 479 2257 recipit
505 2194 558 2256 ges
582 2182 697 2236 asteros
721 2182 751 2237 et
774 2174 907 2237 cimoliae
932 2184 1031 2250 cretae
1054 2189 1088 2239 ÷

67 2267 171 2347 binas,
203 2282 342 2326 cerussae
377 2273 408 2326 et
434 2264 597 2346 specularis
625 2267 715 2326 assati
741 2279 777 2327 ÷
805 2272 918 2347 ternas,
951 2265 1089 2326 afronitri

139 2495 161 2572 ‘1
183 2487 531 2579 elbilongilpnigree,
550 2488 587 2571 al.
606 2487 679 2552 216.
698 2487 826 2560 grip>
903 2494 941 2569 Ι2
966 2487 1090 2543 omnium

66 2559 290 2690 sacroru
311 2558 755 2700 urata
785 2557 988 2628 effi

67 2711 82 2760 7
114 2701 210 2758 sciton
236 2717 263 2771 e,
291 2701 395 2756 sciston
417 2718 448 2771 p.
539 2700 709 2757 dismterrcrs
736 2716 777 2770 cp.
868 2700 1020 2782 Spolabrr
1047 2716 1089 2768 op.

66 2775 229 2846 mmm
302 2771 716 2842 mmspmfifflmp
797 2770 1091 2840 mmmmm-

66 2846 192 2916 quenter
216 2860 238 2898 c.
345 2843 540 2898 linificsndum
563 2860 586 2899 o.
696 2849 727 2897 11
755 2841 937 2900 coriariorum
957 2849 1005 2912 1²⁰²
1032 2858 1091 2898 cor·

66 2933 173 2973 varum
187 2931 223 2984 p,
243 2913 413 2970 rotariorum
432 2930 455 2968 c.
536 2933 583 2970 rur
601 2914 688 2970 herbe
707 2912 797 2968 viride
815 2930 857 2984 op.
941 2920 973 2969 12
993 2931 1091 2971 sucum

67 2989 137 3058 (-‹'e
147 2989 181 3056 p)
197 3025 203 3038 .
220 3026 226 3038 .
243 3028 248 3040 .
264 2985 363 3040 iritum
378 2986 453 3054 (-ir)
468 3001 508 3056 ep.
581 2985 669 3040 illinis
681 3001 705 3052 o,
723 2984 788 3039 linis
797 3001 828 3053 p.
902 2987 1092 3041 reassumam

67 3076 97 3115 c:
119 3073 217 3112 -mas
231 3074 262 3127 p.
337 3061 371 3110 14
384 3057 468 3111 cuino
478 3075 501 3126 p
519 3058 562 3125 (io
574 3072 661 3127 marg.
674 3063 687 3110 i
702 3051 719 3110 ἑ
735 3055 846 3110 cumino
865 3055 930 3124 el'.),
950 3056 1053 3112 cimino
1067 3072 1090 3111 o.

68 3134 100 3186 ei
120 3145 186 3184 cum
200 3144 231 3197 p.
321 3126 401 3184 tenui
414 3144 450 3198 p:
473 3127 559 3183 tunde
578 3143 600 3183 o.
692 3132 725 3182 15
745 3124 863 3182 oblinies
882 3143 909 3182 o:
937 3127 1044 3182 oblinas
1058 3143 1090 3195 p.

68 3201 180 3257 siccare
204 3215 245 3268 cp.
338 3205 372 3255 16
395 3198 515 3254 dimittis
538 3215 579 3268 cp.
671 3203 704 3252 te
728 3197 921 3252 admiscentur
943 3215 965 3252 c.
1058 3203 1090 3252 19

69 3269 196 3342 smigma
209 3287 251 3340 cp.
324 3272 354 3325 et
367 3285 416 3326 om.
432 3285 453 3324 c.
527 3275 561 3324 20
580 3269 658 3326 facus
667 3285 698 3338 p,
717 3268 775 3323 faci
790 3285 812 3323 o.
885 3274 919 3323 21
935 3268 1054 3323 effilidas
1069 3285 1093 3336 r,

68 3347 206 3429 {fellidas
219 3375 250 3428 p.
336 3357 474 3430 gerest'oe
493 3374 520 3427 o,
539 3359 684 3429 gesericus
698 3374 730 3426 p.
820 3355 967 3420 rcimolie
986 3373 1012 3414 c:
1031 3356 1092 3426 qni-

69 3431 161 3487 molie
174 3446 205 3500 P·
305 3435 338 3484 22
358 3429 377 3500 3
396 3427 476 3484 bines
495 3447 520 3485 e:
540 3433 585 3486 ei.
605 3433 632 3498 -;-
650 3429 698 3488 Ill.
713 3443 743 3497 p.
849 3444 944 3484 ceruse
964 3427 1095 3498 specular

71 3510 379 3588 mfflffl†fflp
453 3517 606 3588 mmm

129 3618 250 3659 cassius
264 3617 350 3658 lielix
376 3617 411 3660 ed.
425 3617 453 3660 V.
467 3617 533 3658 Rota.
899 3610 931 3658 12
