2510 4020
480 211 700 282 *²35-

88 375 172 436 sugae
204 358 333 439 possint,
369 355 484 420 levibus
515 356 609 437 plagis
641 355 808 438 scmiiabis,
839 366 870 420 et
900 358 1018 421 duobus
1050 359 1096 422 vel

86 444 178 507 tribus
205 447 390 526 interpositis
417 445 523 507 diebus
550 444 724 508 dialoretico
753 446 959 526 cataplasmate
992 450 1096 529 uteris,

86 534 112 596 id
139 542 185 596 est
213 533 317 596 bordei
344 534 462 614 pollinis
490 541 590 615 partes
618 533 692 596 duas
718 533 773 596 lini
796 535 917 598 seminls
944 537 1095 616 parteml

86 633 113 684 et
143 625 221 686 lacni
252 625 351 702 graeci
387 622 538 685 dimidiam
573 631 690 703 partem
725 623 840 686 adiecto
876 623 993 686 modico
1029 625 1094 686 oleo

86 730 191 791 coques
214 714 245 774 iu
269 730 345 792 aqua
368 712 444 774 salsa
467 721 498 774 et
520 711 757 795 cataplasmabis,
785 715 1005 794 praevaporatis
1028 727 1122 793 par-⁵

85 799 159 862 tibus
183 803 315 882 spongiis
339 820 376 862 ex
399 819 475 881 aqua
497 800 591 864 calida
614 800 690 862 salsa
713 803 876 882 expressis:
899 801 1020 864 cottidie
1043 801 1094 864 ali·

85 892 197 968 quantis
225 888 331 952 diebus
356 889 527 952 inmutabis.
569 908 624 952 nec
652 907 712 950 non
736 892 825 952 etiam
853 899 883 952 et
912 890 1011 952 dialon
1034 910 1093 954 cm·

84 979 223 1057 plastrum
251 979 377 1040 inferius
404 997 459 1040 suo
489 977 555 1040 loco
583 980 786 1058 conscriptum
817 988 886 1059 post
918 979 1094 1059 cataplasma

84 1071 221 1147 impones.
259 1067 405 1130 cavendae
423 1075 542 1147 praeter
561 1086 596 1129 ea
618 1069 697 1129 inter
716 1070 780 1148 ipsa
798 1069 882 1130 initia
903 1069 1094 1131 vehementes

84 1156 273 1217 saccellornm
301 1159 516 1236 vaporationes.
556 1158 668 1220 etenim
695 1159 833 1218 nimietas
856 1159 972 1237 vaporis
995 1156 1093 1220 locum
1109 1172 1134 1212 1⁰

84 1244 228 1307 dolentem
252 1253 283 1306 et
305 1253 471 1308 tumentem
493 1246 525 1306 in
547 1243 690 1308 saniolam
713 1249 847 1308 converti
870 1248 958 1326 cogit.
994 1246 1095 1309 obser·

84 1352 146 1395 vare
169 1337 259 1396 etiam
282 1342 402 1414 oportet
424 1342 577 1414 aegrotum
601 1353 618 1394 a
640 1336 708 1394 vino
728 1342 758 1396 et
776 1333 813 1395 ab
837 1334 975 1396 omnibus
999 1339 1093 1398 carni-

83 1421 147 1505 bus,
170 1421 415 1503 quadrupedibus
438 1431 468 1484 et
490 1421 665 1484 volatilibus.
702 1422 803 1484 holera
831 1430 946 1484 tantum
970 1425 1094 1504 accipiat

84 1529 152 1590 quae
176 1513 238 1573 sint
262 1510 420 1591 digestioni
443 1513 603 1592 aptissima.
640 1510 693 1573 sed
712 1514 737 1574 si
756 1531 773 1573 a
796 1514 864 1573 vino
883 1530 943 1574 non
962 1515 1093 1593 potuerit

83 1599 233 1681 abstineri,
256 1607 381 1680 propter
404 1600 638 1664 imbecillitatem
661 1600 805 1663 stomachi
828 1603 917 1663 nimie
939 1603 1134 1682 aquatica-1⁵

82 1706 157 1750 mum
190 1689 348 1750 concedes.
401 1692 448 1751 sin
479 1708 549 1752 vero
581 1689 640 1751 loci
675 1692 815 1770 patientis
851 1689 935 1751 dolor
972 1691 1092 1752 minime

84 1780 225 1856 quieverit
248 1777 337 1839 etad
361 1778 550 1840 nutriendam
573 1780 686 1839 saniem
713 1787 864 1859 apostema
893 1777 1094 1860 declinaverit,

84 1873 149 1928 tune
168 1867 345 1946 cmpyoticis
363 1866 518 1929 adiutoriis
537 1868 582 1928 nti
600 1874 719 1946 oportet
736 1866 766 1928 id
786 1876 832 1929 est
855 1885 930 1946 quae
952 1866 1093 1928 saniolam

82 1958 191 2018 nutrire
227 1954 354 2037 valeant,
382 1964 416 2018 ut
443 1963 489 2017 est
516 1955 692 2035 cataplasma
720 1973 756 2016 ex
786 1957 886 2018 resina
913 1954 1092 2018 terebintina

83 2054 108 2105 et
128 2044 239 2125 polline
267 2045 385 2105 triticeo
409 2045 549 2124 superius
572 2044 607 2104 ad
630 2043 820 2106 maturandos
850 2042 1000 2125 parotidas
1024 2063 1091 2106 con·
1107 2059 1133 2100 ιο

82 2136 232 2213 scripturn.
273 2131 326 2193 sed
354 2132 460 2194 melius
488 2134 520 2193 tit
549 2151 617 2194 cum
645 2133 818 2195 decoctione
840 2136 1005 2196 caricarum
1028 2135 1092 2214 pin·

81 2224 186 2300 guium.
226 2239 321 2300 coque
341 2225 431 2283 etiam
449 2229 479 2282 et
497 2223 668 2301 psittacium
686 2223 880 2303 emplastrum
898 2225 943 2284 uti
965 2230 1093 2302 oportet.

82 2309 154 2372 aliud
173 2319 257 2373 certe
281 2311 388 2372 maline
412 2310 584 2391 Vespasiani
606 2311 798 2390 appellatum:
827 2314 908 2373 novit
931 2313 1009 2373 enim
1032 2329 1093 2372 non
1185 2391 1188 2406 .

149 2559 163 2608 1
181 2551 298 2608 lenibus·
312 2570 334 2608 c.
426 2547 571 2607 vcamlabis
589 2568 619 2621 p:
639 2551 808 2608 sacrificabis
827 2568 867 2620 cp.
955 2558 972 2606 4
991 2551 1049 2605 fni
1066 2570 1094 2622 p,

82 2622 144 2678 fenu
162 2641 184 2680 c.
259 2627 324 2679 6et
341 2623 444 2678 cotidie
458 2640 489 2693 p.
581 2624 645 2677 'let
662 2639 714 2678 om.
727 2640 750 2693 p
768 2625 837 2688 (oon
854 2627 906 2692 pc).
1018 2622 1094 2678 ‘on

83 2687 126 2760 (δι’
145 2689 232 2763 ἁλῶν)
250 2710 295 2765 pc:
316 2694 427 2750 dialoen
440 2711 471 2764 p.
554 2701 570 2748 9
588 2693 682 2764 iponis
697 2711 759 2778 pop.
846 2693 960 2748 Cavend
977 2710 1022 2764 qe,
1042 2693 1093 2750 Ca·

82 2766 166 2821 vendo
181 2783 212 2836 p.
303 2783 320 2821 a
339 2765 499 2822 vehementi
518 2783 538 2819 a.
559 2767 760 2834 evaporatione
775 2782 805 2834 p.
894 2765 963 2821 101.
983 2766 1093 2822 tumen-

82 2837 135 2890 tem
154 2838 314 2908 (timentem
333 2841 357 2906 c)
376 2838 406 2892 et
423 2837 566 2892 dolentem
583 2853 617 2906 cp
732 2843 763 2892 13
783 2855 810 2905 q.
830 2838 860 2892 et
877 2855 903 2893 v.
922 2853 952 2906 q:
972 2837 1093 2907 quadru-

81 2907 195 2974 pedibus
213 2907 378 2964 volatilibns
397 2925 420 2977 c,
439 2907 662 2978 quadrupedium
680 2907 839 2963 volatilium
853 2923 884 2977 p.
930 2973 932 2978 Ι
964 2913 996 2962 13
1014 2905 1093 2964 olera

81 2993 135 3046 nep.
242 2981 354 3035 tantum
373 2995 403 3049 9³
421 2981 518 3034 tomen
537 2981 589 3048 (tri)
604 2997 634 3049 p,
653 2995 704 3034 om.
724 2996 746 3034 c.
856 2984 890 3032 14
908 2978 1092 3060 potuerinta,

82 3051 200 3116 poterint
215 3067 245 3120 p.
330 3055 363 3105 15
382 3049 516 3106 abstineri
533 3066 564 3118 p:
584 3067 648 3105 -re
667 3067 708 3120 cp.
796 3057 827 3104 17
847 3049 1030 3106 dechnaverit
1046 3067 1092 3120 pc:

82 3117 255 3177 inclinaverit
263 3139 293 3191 p.
358 3126 391 3176 18
407 3121 514 3204 empp(i
528 3121 654 3192 cp)oticis
667 3138 718 3192 pop
731 3121 831 3190 (sima.
896 3119 1031 3176 saniolam
1046 3138 1092 3190 qo:

82 3190 182 3248 saniem
196 3210 227 3262 p.
322 3198 358 3246 20
377 3193 565 3262 oonscnptnm
583 3195 626 3248 est
644 3195 689 3263 (ᾇ
707 3196 735 3263 p)
753 3209 806 3262 pop
822 3192 900 3256 (inde
917 3197 999 3247 anteo
1017 3193 1093 3261 quod

83 3263 203 3330 superius
228 3280 250 3333 p
274 3269 299 3317 et
321 3267 354 3318 ut
376 3263 503 3334 superius
527 3269 560 3331 o).
668 3270 703 3318 22
729 3263 803 3334 psy(i
822 3261 954 3333 c)taoium
971 3280 1016 3332 pc,
1037 3263 1092 3332 pai·

83 3331 158 3388 tuton
172 3352 203 3416 p,
284 3340 318 3389 23
337 3334 440 3416 melina
457 3351 484 3416 p,
503 3335 587 3390 meh-e
605 3353 628 3404 c,
646 3335 753 3390 mll'ine
767 3351 798 3405 p.
852 3372 857 3380 -
884 3333 1044 3404 vespasiani
1062 3351 1091 3404 q:

84 3418 236 3547 ppppaepqqm
250 3423 272 3472 c,
291 3423 466 3476 vaspasmam
475 3423 506 3476 p.
580 3425 616 3460 m.
636 3423 712 3476 vesp.
733 3405 906 3476 appellatum
925 3422 951 3462 c:
971 3423 1007 3459 m.
1026 3422 1092 3475 app.

894 3565 932 3621 3*
