2452 4014
549 246 788 310 -118-

156 400 275 472 vocant,
308 409 343 451 ex
375 389 467 452 calida
501 399 531 450 et
564 391 637 451 oleo.
684 390 759 451 solet
791 393 870 451 eninr
898 392 996 452 vesica
1026 392 1112 452 etiam
1140 393 1162 450 si

156 481 248 540 luerit
275 482 436 540 constricta
464 478 566 540 subtili
599 481 730 540 lomento
760 478 885 540 relaxari
917 487 949 539 et
975 481 1091 541 urinam
1121 498 1162 540 re·

156 577 267 630 tentam
295 568 430 630 reddere.
472 567 552 647 quod
580 569 606 629 si
633 569 753 629 minime
782 569 868 629 urina
895 569 988 630 luerit
1015 577 1116 630 secute
1136 577 1163 628 et

156 659 391 736 perseveraverit
418 675 509 736 supra
537 655 615 717 dicta
642 657 810 736 periculosa
832 656 1024 738 abstinentia,
1052 665 1164 737 oportet

129 750 186 808 ein
206 746 345 807 cruribus
369 748 394 806 si
413 747 491 806 uires
514 748 668 825 patiuntur
687 764 777 825 supra
799 745 875 806 talos
896 747 1058 808 interiores
1079 764 1164 807 vonas

155 835 296 895 incidere.
334 842 364 894 et
387 837 413 895 si
436 834 520 895 dolor
543 853 603 894 non
627 835 782 914 minuerit,
805 833 1004 896 adhibendum
1025 843 1073 896 cst
1093 844 1164 897 cata·

155 923 266 1002 plasma
295 942 331 983 ex
358 922 412 983 lini
440 925 552 983 semine
581 930 611 983 et
638 923 716 983 laeni
743 925 842 1002 graeci
866 931 896 983 et
923 923 1029 984 bordei
1052 923 1165 1004 polline,

156 1011 285 1072 admixto
308 1029 452 1091 papavere
477 1013 548 1073 trito
571 1022 601 1072 et
624 1013 721 1072 resina
745 1011 836 1091 pinali
855 1021 885 1072 et
908 1014 983 1090 pice.
1021 1021 1164 1074 transacto

156 1106 254 1161 autem
282 1100 384 1160 dolore
407 1100 615 1180 apponendum
643 1102 823 1160 cerularium
848 1118 884 1161 ex
912 1103 1012 1162 resina
1043 1102 1118 1162 frixa
1139 1111 1163 1162 et

115 1204 141 1242 10
156 1190 238 1268 ysopi
262 1207 334 1250 suco
353 1197 383 1249 et
401 1191 576 1249 ammoniaci
599 1196 682 1268 gutta
701 1197 732 1248 et
750 1187 815 1249 oleo
834 1191 966 1268 sicyonio
989 1190 1162 1252 coniectum.

244 1279 270 1338 si
297 1295 368 1338 vero
395 1276 524 1358 lapidum
554 1277 599 1338 vel
622 1293 780 1338 arenarum
808 1278 900 1338 suerit
925 1278 1061 1360 querela,
1089 1282 1161 1340 siroi-
1216 1313 1217 1328 .

154 1365 222 1426 liter
246 1374 279 1427 ut
302 1367 463 1427 neireticos
487 1365 614 1427 curabis.

243 1456 289 1515 sin
316 1473 387 1516 vero
415 1473 451 1515 ex
479 1454 617 1515 cachexia
645 1456 780 1533 corporis
803 1454 839 1514 de
868 1454 994 1516 humore
1018 1474 1160 1517 venenoso

154 1552 184 1603 ot
215 1541 347 1604 mordaci
379 1543 560 1604 ulceratione
588 1543 663 1603 lacta
692 1544 881 1621 asperitatem
909 1561 976 1604 oum
1005 1544 1109 1606 dolore
1136 1548 1160 1604 in

114 1633 250 1710 incapite
274 1640 396 1692 naturae
416 1633 565 1692 senserint
582 1632 743 1710 patientem
766 1632 959 1692 reumatismo
978 1633 1161 1694 adscribitur.

154 1727 273 1798 oportet
305 1737 375 1799 ergo
406 1720 482 1781 lacte
515 1721 630 1780 asinino
662 1721 809 1798 tepeiacto
844 1721 1019 1798 frequenter
1051 1724 1160 1784 ieiunos

152 1815 265 1888 potare.
302 1809 381 1888 quod
406 1808 655 1888 siadpraesens
679 1809 866 1890 mulserit,
897 1812 1051 1888 caprinum
1076 1810 1160 1889 dabis,

153 1905 183 1957 et
202 1896 341 1958 embroce
360 1897 452 1959 calida
472 1916 508 1958 ex
526 1898 602 1958 lanis
620 1897 732 1959 sucidis
748 1905 779 1956 ct
797 1915 920 1958 rosaceo
939 1906 969 1958 et
983 1901 1052 1960 rino
1072 1899 1159 1962 mulso

153 1993 205 2046 aut
230 2004 318 2064 passo
347 1986 475 2047 admixto
504 1985 559 2046 sub
588 1985 728 2047 umbilico
756 1985 926 2064 pubetenus
949 1989 1099 2066 pectinem
1120 1987 1160 2048 vel

113 2089 140 2128 ro
153 2081 279 2154 utraque
303 2074 352 2134 ilia
376 2076 538 2154 cooperies.
575 2073 751 2135 mulieribus
774 2083 873 2135 autem
893 2083 923 2135 et
945 2080 1112 2154 pessarium
1128 2095 1159 2136 er

152 2162 227 2222 lacte
255 2165 370 2222 asinino
398 2161 444 2222 vel
467 2153 588 2242 caprino
612 2170 663 2223 aut
688 2161 825 2224 muliebri
848 2162 924 2224 lacte
949 2165 1160 2244 apponendum.

152 2252 184 2310 in
211 2251 282 2310 viris
310 2269 381 2311 vero
409 2253 434 2311 si
461 2252 492 2310 in
521 2253 616 2330 capite
645 2261 768 2313 naturae
796 2269 929 2313 morsum
962 2271 1031 2314 oum
1064 2254 1159 2314 dolore

153 2341 314 2421 senserint,
346 2358 401 2418 per
433 2338 577 2400 auliscum
610 2342 721 2400 uticum
749 2358 872 2401 aeneum
903 2341 1016 2421 leuem,
1048 2350 1080 2403 et
1105 2361 1158 2402 non

151 2446 271 2488 osseum
294 2446 332 2489 ne
359 2429 526 2508 frangatur,
553 2436 605 2489 aut
627 2438 709 2489 certe
734 2436 906 2508 argenteum
936 2429 1112 2491 lubricatum
1133 2441 1159 2490 et

225 2588 237 2637 1
259 2582 358 2637 etiam:
377 2584 406 2637 et
415 2597 446 2652 p.
520 2586 535 2635 5
555 2581 626 2636 talos
641 2597 674 2650 cp
692 2583 738 2649 (es.
754 2579 816 2636 Gal.
834 2581 872 2649 Χ,
891 2587 966 2652 904).
1038 2583 1160 2639 interiori

151 2669 223 2707 vena
241 2669 270 2718 c,
287 2651 434 2708 interiores
452 2669 538 2708 venas
552 2669 575 2722 p
594 2654 688 2721 (super
706 2653 779 2706 talos
798 2669 884 2708 venas
901 2652 1048 2708 interiores
1069 2655 1158 2722 Petu).

151 2723 319 2778 dminuerib
337 2741 370 2792 cp
389 2723 534 2792 (minuitur
554 2723 648 2792 Peto).
734 2726 778 2778 est
795 2739 845 2778 om.
865 2741 887 2779 c.
974 2724 1122 2795 ‘lpollinis
1139 2742 1158 2790 c,

150 2793 336 2862 pollinibusp
351 2794 467 2863 (polline
481 2795 575 2862 Petu).
647 2799 664 2848 8
677 2794 828 2862 papaveris
842 2810 857 2849 o
871 2797 912 2864 (el
926 2796 1031 2850 nemine
1045 2796 1159 2866 agrestis

150 2864 298 2933 papaveris
318 2865 413 2932 Peto).
485 2863 575 2934 pinali
592 2881 638 2934 cp:
663 2865 747 2933 pinea
767 2865 840 2921 Petr.
914 2871 930 2920 9
950 2868 980 2922 et
999 2869 1080 2936 ysopi
1098 2883 1158 2921 suco

152 2935 181 2989 eb
199 2935 352 2990 armeniaci
371 2951 436 2990 suco
456 2937 485 2990 eb
501 2935 656 2990 armeniaci
674 2937 756 3004 gutta
769 2953 800 3004 p.
875 2942 906 2990 11
927 2937 951 2992 si
966 2939 1159 3006 —(1a)eure-

151 3004 195 3060 bis
214 3021 264 3060 om.
284 3022 305 3061 c.
389 3012 421 3061 13
442 3006 491 3061 Sin
510 3024 536 3061 c:
557 3006 632 3075 Sip.
711 3007 746 3061 de
765 3022 792 3061 c:
810 3007 857 3063 rel
873 3023 901 3076 p.
976 3008 1159 3062 assenserint

149 3075 196 3143 (of.
215 3092 240 3130 o.
260 3082 323 3141 23)=
342 3077 505 3147 scripserint
518 3095 554 3146 p,
573 3093 624 3132 oua
644 3093 667 3132 c.
738 3077 903 3138 inmatismo
922 3095 948 3144 c,
967 3079 1118 3134 renatisrno
1130 3097 1157 3148 p.

151 3154 184 3201 16
203 3163 270 3216 ergo
289 3163 339 3202 otu.
358 3163 380 3202 o.
471 3148 566 3203 ieiumi
589 3163 612 3203 c.
702 3154 735 3203 17
755 3148 843 3217 quod:
870 3149 919 3203 sod
939 3149 983 3218 (ia)
1002 3165 1025 3204 c.
1114 3167 1157 3220 ap·
1218 3149 1219 3152 ’

148 3233 299 3288 presensp
390 3225 423 3275 18
442 3219 571 3274 embrooe
595 3217 686 3274 calide
709 3235 751 3288 op.
840 3235 920 3276 roseo
939 3237 960 3274 c.
1052 3226 1086 3275 20
1106 3222 1157 3275 alia

149 3288 276 3358 cooperis
295 3305 318 3359 e,
336 3305 446 3361 acorsp
465 3289 532 3360 (plia
550 3289 705 3360 operiens).
778 3291 808 3344 et
823 3307 850 3346 c:
869 3306 919 3345 om.
931 3307 962 3360 p.
1035 3296 1068 3346 21
1088 3290 1157 3346 lacta

149 3377 177 3414 c:
196 3375 246 3416 cm.
261 3377 292 3430 p.
366 3363 523 3430 tisiip:
547 3375 634 3416 mne.
708 3367 860 3416 23eneum
874 3377 910 3430 p:
935 3377 1028 3416 om.c.
1099 3363 1156 3418 lene

147 3431 268 3572 bbg&
290 3448 345 3558 e.t
381 3435 452 3559 rteet
474 3447 537 3558 osup)
554 3447 715 3557 {ffumc-
734 3431 903 3487 fabricatum
916 3449 952 3503 pa
976 3449 992 3494 γ
1018 3447 1064 3488 ros
1088 3433 1157 3519 nucu

162 3520 562 3558 trauauman
610 3520 682 3556 ur.
