<?xml version="1.0" encoding="UTF-8"?>
<!DOCTYPE html PUBLIC "-//W3C//DTD XHTML 1.0 Transitional//EN"
    "http://www.w3.org/TR/xhtml1/DTD/xhtml1-transitional.dtd">
<html xmlns="http://www.w3.org/1999/xhtml" xml:lang="en" lang="en">
 <head>
  <title>
</title>
<meta http-equiv="Content-Type" content="text/html;charset=utf-8" />
  <meta name='ocr-system' content='tesseract 3.04.00' />
  <meta name='ocr-capabilities' content='ocr_page ocr_carea ocr_par ocr_line ocrx_word'/>
</head>
<body>
  <div class='ocr_page' id='page_1' title='image "./cassiifelicisde02feligoog_0147.png"; bbox 0 0 2452 4014; ppageno 0'>
   <div class='ocr_carea' id='block_1_1' title="bbox 478 185 719 250">
    <p class='ocr_par' dir='ltr' id='par_1_1' title="bbox 478 185 719 250">
     <span class='ocr_line' id='line_1_1' title="bbox 478 185 719 250; baseline 0 0"><span class='ocrx_word' id='word_1_1' title='bbox 478 185 719 250; x_wconf 85' lang='lat'>—135-</span> 
     </span>
    </p>
   </div>
   <div class='ocr_carea' id='block_1_2' title="bbox 81 330 1143 1828">
    <p class='ocr_par' dir='ltr' id='par_1_2' title="bbox 81 330 1143 1828">
     <span class='ocr_line' id='line_1_2' title="bbox 85 330 1103 411; baseline 0.002 -19"><span class='ocrx_word' id='word_1_2' title='bbox 85 331 249 411; x_wconf 80' lang='lat' dir='ltr'><strong>clysterem</strong></span> <span class='ocrx_word' id='word_1_3' title='bbox 272 331 453 392; x_wconf 77' lang='lat' dir='ltr'>retinuerint</span> <span class='ocrx_word' id='word_1_4' title='bbox 475 338 676 411; x_wconf 77' lang='lat' dir='ltr'><strong>aegrotantes,</strong></span> <span class='ocrx_word' id='word_1_5' title='bbox 706 330 794 392; x_wconf 91' lang='lat' dir='ltr'><strong>simul</strong></span> <span class='ocrx_word' id='word_1_6' title='bbox 817 340 848 393; x_wconf 91' lang='lat' dir='ltr'><strong>et</strong></span> <span class='ocrx_word' id='word_1_7' title='bbox 870 334 983 394; x_wconf 89' lang='lat' dir='ltr'><strong>ventris</strong></span> <span class='ocrx_word' id='word_1_8' title='bbox 1006 333 1103 395; x_wconf 86' lang='lat' dir='ltr'><strong>oliloio</strong></span> 
     </span>
     <span class='ocr_line' id='line_1_3' title="bbox 85 418 1103 502; baseline 0.004 -22"><span class='ocrx_word' id='word_1_9' title='bbox 85 428 212 500; x_wconf 85' lang='lat' dir='ltr'><strong>negato,</strong></span> <span class='ocrx_word' id='word_1_10' title='bbox 239 425 358 498; x_wconf 79' lang='lat' dir='ltr'>oportet</span> <span class='ocrx_word' id='word_1_11' title='bbox 387 435 422 479; x_wconf 82' lang='lat' dir='ltr'><strong>ex</strong></span> <span class='ocrx_word' id='word_1_12' title='bbox 450 418 580 481; x_wconf 81' lang='lat' dir='ltr'><strong>folliculo</strong></span> <span class='ocrx_word' id='word_1_13' title='bbox 608 421 715 480; x_wconf 90' lang='lat' dir='ltr'><strong>aerarii</strong></span> <span class='ocrx_word' id='word_1_14' title='bbox 738 437 840 481; x_wconf 91' lang='lat' dir='ltr'><strong>curam</strong></span> <span class='ocrx_word' id='word_1_15' title='bbox 868 419 1021 502; x_wconf 84' lang='lat' dir='ltr'><strong>adbibere,</strong></span> <span class='ocrx_word' id='word_1_16' title='bbox 1044 441 1103 502; x_wconf 89' lang='lat' dir='ltr'><strong>quo</strong></span> 
     </span>
     <span class='ocr_line' id='line_1_4' title="bbox 84 507 1103 588; baseline 0.003 -19"><span class='ocrx_word' id='word_1_17' title='bbox 84 510 185 588; x_wconf 84' lang='lat' dir='ltr'>possit</span> <span class='ocrx_word' id='word_1_18' title='bbox 204 515 475 587; x_wconf 88' lang='lat' dir='ltr'><strong>supramemorata</strong></span> <span class='ocrx_word' id='word_1_19' title='bbox 493 509 705 569; x_wconf 89' lang='lat' dir='ltr'><strong>intestinorum</strong></span> <span class='ocrx_word' id='word_1_20' title='bbox 724 507 865 570; x_wconf 89' lang='lat' dir='ltr'><strong>verticula</strong></span> <span class='ocrx_word' id='word_1_21' title='bbox 880 511 941 570; x_wconf 87' lang='lat' dir='ltr'><strong>sive</strong></span> <span class='ocrx_word' id='word_1_22' title='bbox 960 510 1103 572; x_wconf 79' lang='lat' dir='ltr'><strong>involutio</strong></span> 
     </span>
     <span class='ocr_line' id='line_1_5' title="bbox 85 595 1103 676; baseline 0.004 -20"><span class='ocrx_word' id='word_1_23' title='bbox 85 605 214 676; x_wconf 87' lang='lat' dir='ltr'><strong>accepto</strong></span> <span class='ocrx_word' id='word_1_24' title='bbox 232 604 320 657; x_wconf 87' lang='lat' dir='ltr'><strong>vento</strong></span> <span class='ocrx_word' id='word_1_25' title='bbox 340 596 486 674; x_wconf 90' lang='lat' dir='ltr'><strong>replicari.</strong></span> <span class='ocrx_word' id='word_1_26' title='bbox 523 604 552 657; x_wconf 89' lang='lat' dir='ltr'><strong>et</strong></span> <span class='ocrx_word' id='word_1_27' title='bbox 570 597 603 656; x_wconf 90' lang='lat' dir='ltr'><strong>lit</strong></span> <span class='ocrx_word' id='word_1_28' title='bbox 627 595 684 658; x_wconf 87' lang='lat' dir='ltr'><strong>hoe</strong></span> <span class='ocrx_word' id='word_1_29' title='bbox 703 597 799 657; x_wconf 93' lang='lat' dir='ltr'><strong>modo.</strong></span> <span class='ocrx_word' id='word_1_30' title='bbox 836 599 975 659; x_wconf 84' lang='lat' dir='ltr'><strong>intestine</strong></span> <span class='ocrx_word' id='word_1_31' title='bbox 993 597 1103 660; x_wconf 92' lang='lat' dir='ltr'><strong>bubula</strong></span> 
     </span>
     <span class='ocr_line' id='line_1_6' title="bbox 85 681 1130 766; baseline 0.002 -20"><span class='ocrx_word' id='word_1_32' title='bbox 85 703 231 748; x_wconf 89' lang='lat' dir='ltr'><strong>mensura</strong></span> <span class='ocrx_word' id='word_1_33' title='bbox 254 683 348 745; x_wconf 91' lang='lat' dir='ltr'><strong>cubiti</strong></span> <span class='ocrx_word' id='word_1_34' title='bbox 371 687 461 746; x_wconf 93' lang='lat' dir='ltr'><strong>unius</strong></span> <span class='ocrx_word' id='word_1_35' title='bbox 484 684 588 745; x_wconf 92' lang='lat' dir='ltr'><strong>tubulo</strong></span> <span class='ocrx_word' id='word_1_36' title='bbox 616 685 738 746; x_wconf 88' lang='lat' dir='ltr'><strong>lolliculi</strong></span> <span class='ocrx_word' id='word_1_37' title='bbox 762 681 919 765; x_wconf 82' lang='lat' dir='ltr'><strong>diligenter</strong></span> <span class='ocrx_word' id='word_1_38' title='bbox 943 695 1043 766; x_wconf 89' lang='lat' dir='ltr'><strong>sparto</strong></span> <span class='ocrx_word' id='word_1_39' title='bbox 1067 687 1130 748; x_wconf 71' lang='lat' dir='ltr'><strong>abt</strong></span> 
     </span>
     <span class='ocr_line' id='line_1_7' title="bbox 85 772 1103 854; baseline 0.001 -18"><span class='ocrx_word' id='word_1_40' title='bbox 85 792 148 836; x_wconf 92' lang='lat' dir='ltr'><strong>una</strong></span> <span class='ocrx_word' id='word_1_41' title='bbox 171 781 256 853; x_wconf 90' lang='lat' dir='ltr'><strong>parte</strong></span> <span class='ocrx_word' id='word_1_42' title='bbox 280 772 393 852; x_wconf 81' lang='lat' dir='ltr'><strong>ligabis.</strong></span> <span class='ocrx_word' id='word_1_43' title='bbox 433 772 568 834; x_wconf 88' lang='lat' dir='ltr'><strong>similiter</strong></span> <span class='ocrx_word' id='word_1_44' title='bbox 590 775 700 835; x_wconf 90' lang='lat' dir='ltr'><strong>iterum</strong></span> <span class='ocrx_word' id='word_1_45' title='bbox 724 773 845 835; x_wconf 84' lang='lat' dir='ltr'><strong>alteram</strong></span> <span class='ocrx_word' id='word_1_46' title='bbox 868 782 984 854; x_wconf 90' lang='lat' dir='ltr'><strong>partem</strong></span> <span class='ocrx_word' id='word_1_47' title='bbox 1009 777 1103 854; x_wconf 93' lang='lat' dir='ltr'><strong>ipsius</strong></span> 
     </span>
     <span class='ocr_line' id='line_1_8' title="bbox 82 861 1104 942; baseline 0.002 -18"><span class='ocrx_word' id='word_1_48' title='bbox 82 865 224 926; x_wconf 89' lang='lat' dir='ltr'><strong>intestini</strong></span> <span class='ocrx_word' id='word_1_49' title='bbox 242 879 329 922; x_wconf 90' lang='lat' dir='ltr'><strong>osseo</strong></span> <span class='ocrx_word' id='word_1_50' title='bbox 344 861 455 922; x_wconf 90' lang='lat' dir='ltr'><strong>aulisoo</strong></span> <span class='ocrx_word' id='word_1_51' title='bbox 474 861 634 942; x_wconf 88' lang='lat' dir='ltr'><strong>colligabis,</strong></span> <span class='ocrx_word' id='word_1_52' title='bbox 654 870 684 923; x_wconf 92' lang='lat' dir='ltr'><strong>ot</strong></span> <span class='ocrx_word' id='word_1_53' title='bbox 702 864 808 941; x_wconf 91' lang='lat' dir='ltr'><strong>supino</strong></span> <span class='ocrx_word' id='word_1_54' title='bbox 827 863 976 925; x_wconf 89' lang='lat' dir='ltr'><strong>schcmate</strong></span> <span class='ocrx_word' id='word_1_55' title='bbox 994 866 1104 926; x_wconf 83' lang='lat' dir='ltr'><strong>iacenti</strong></span> 
     </span>
     <span class='ocr_line' id='line_1_9' title="bbox 81 950 1103 1033; baseline 0.001 -21"><span class='ocrx_word' id='word_1_56' title='bbox 81 960 210 1032; x_wconf 85' lang='lat' dir='ltr'><strong>aegroto</strong></span> <span class='ocrx_word' id='word_1_57' title='bbox 233 952 353 1031; x_wconf 87' lang='lat' dir='ltr'><strong>inicies,</strong></span> <span class='ocrx_word' id='word_1_58' title='bbox 376 950 529 1029; x_wconf 91' lang='lat' dir='ltr'><strong>subposito</strong></span> <span class='ocrx_word' id='word_1_59' title='bbox 552 952 637 1031; x_wconf 85' lang='lat' dir='ltr'><strong>prius</strong></span> <span class='ocrx_word' id='word_1_60' title='bbox 655 950 794 1012; x_wconf 85' lang='lat' dir='ltr'><strong>clunibus</strong></span> <span class='ocrx_word' id='word_1_61' title='bbox 821 951 973 1033; x_wconf 84' lang='lat' dir='ltr'><strong>cervicali,</strong></span> <span class='ocrx_word' id='word_1_62' title='bbox 996 960 1026 1013; x_wconf 89' lang='lat' dir='ltr'><strong>ct</strong></span> <span class='ocrx_word' id='word_1_63' title='bbox 1048 971 1103 1032; x_wconf 91' lang='lat' dir='ltr'><strong>per</strong></span> 
     </span>
     <span class='ocr_line' id='line_1_10' title="bbox 83 1038 1102 1121; baseline 0 -19"><span class='ocrx_word' id='word_1_64' title='bbox 83 1041 225 1121; x_wconf 88' lang='lat' dir='ltr'><strong>podicem</strong></span> <span class='ocrx_word' id='word_1_65' title='bbox 254 1040 412 1100; x_wconf 79' lang='lat' dir='ltr'><strong>eremitato</strong></span> <span class='ocrx_word' id='word_1_66' title='bbox 439 1038 508 1099; x_wconf 90' lang='lat' dir='ltr'><strong>lolle</strong></span> <span class='ocrx_word' id='word_1_67' title='bbox 536 1046 741 1118; x_wconf 83' lang='lat' dir='ltr'><strong>competenter</strong></span> <span class='ocrx_word' id='word_1_68' title='bbox 764 1047 885 1102; x_wconf 90' lang='lat' dir='ltr'><strong>ventum</strong></span> <span class='ocrx_word' id='word_1_69' title='bbox 913 1040 1029 1102; x_wconf 89' lang='lat' dir='ltr'><strong>inllabis</strong></span> <span class='ocrx_word' id='word_1_70' title='bbox 1057 1041 1102 1102; x_wconf 90' lang='lat' dir='ltr'><strong>vel</strong></span> 
     </span>
     <span class='ocr_line' id='line_1_11' title="bbox 81 1126 1143 1209; baseline 0.001 -19"><span class='ocrx_word' id='word_1_71' title='bbox 81 1146 176 1209; x_wconf 91' lang='lat' dir='ltr'><strong>quam</strong></span> <span class='ocrx_word' id='word_1_72' title='bbox 196 1128 248 1190; x_wconf 93' lang='lat' dir='ltr'><strong>diu</strong></span> <span class='ocrx_word' id='word_1_73' title='bbox 267 1126 324 1188; x_wconf 91' lang='lat' dir='ltr'><strong>sibi</strong></span> <span class='ocrx_word' id='word_1_74' title='bbox 342 1129 459 1206; x_wconf 88' lang='lat' dir='ltr'><strong>patiens</strong></span> <span class='ocrx_word' id='word_1_75' title='bbox 477 1135 599 1188; x_wconf 88' lang='lat' dir='ltr'><strong>ventum</strong></span> <span class='ocrx_word' id='word_1_76' title='bbox 613 1146 707 1207; x_wconf 88' lang='lat' dir='ltr'><strong>usque</strong></span> <span class='ocrx_word' id='word_1_77' title='bbox 727 1127 763 1188; x_wconf 90' lang='lat' dir='ltr'><strong>ad</strong></span> <span class='ocrx_word' id='word_1_78' title='bbox 782 1130 967 1190; x_wconf 91' lang='lat' dir='ltr'><strong>stomachum</strong></span> <span class='ocrx_word' id='word_1_79' title='bbox 986 1133 1102 1191; x_wconf 88' lang='lat' dir='ltr'><strong>sentiat.</strong></span> <span class='ocrx_word' id='word_1_80' title='bbox 1117 1143 1143 1184; x_wconf 77' lang='grc' dir='ltr'><strong>ιο</strong></span> 
     </span>
     <span class='ocr_line' id='line_1_12' title="bbox 81 1215 1103 1297; baseline -0.002 -17"><span class='ocrx_word' id='word_1_81' title='bbox 81 1228 159 1280; x_wconf 89' lang='lat' dir='ltr'><strong>tunc</strong></span> <span class='ocrx_word' id='word_1_82' title='bbox 178 1217 323 1278; x_wconf 86' lang='lat' dir='ltr'><strong>auliscum</strong></span> <span class='ocrx_word' id='word_1_83' title='bbox 348 1215 486 1277; x_wconf 80' lang='lat' dir='ltr'><strong>detrahes</strong></span> <span class='ocrx_word' id='word_1_84' title='bbox 506 1224 536 1277; x_wconf 89' lang='lat' dir='ltr'><strong>et</strong></span> <span class='ocrx_word' id='word_1_85' title='bbox 555 1219 677 1296; x_wconf 78' lang='lat' dir='ltr'><strong>spongia</strong></span> <span class='ocrx_word' id='word_1_86' title='bbox 696 1215 789 1296; x_wconf 73' lang='lat' dir='ltr'><strong>calida</strong></span> <span class='ocrx_word' id='word_1_87' title='bbox 807 1235 948 1297; x_wconf 81' lang='lat' dir='ltr'><strong>expressa</strong></span> <span class='ocrx_word' id='word_1_88' title='bbox 965 1218 1103 1297; x_wconf 89' lang='lat' dir='ltr'><strong>podicem</strong></span> 
     </span>
     <span class='ocr_line' id='line_1_13' title="bbox 81 1303 1101 1379; baseline 0.001 -12"><span class='ocrx_word' id='word_1_89' title='bbox 81 1305 248 1379; x_wconf 90' lang='lat' dir='ltr'><strong>obtrudes,</strong></span> <span class='ocrx_word' id='word_1_90' title='bbox 283 1312 315 1365; x_wconf 89' lang='lat' dir='ltr'><strong>et</strong></span> <span class='ocrx_word' id='word_1_91' title='bbox 346 1323 414 1366; x_wconf 87' lang='lat' dir='ltr'><strong>cum</strong></span> <span class='ocrx_word' id='word_1_92' title='bbox 446 1306 536 1366; x_wconf 92' lang='lat' dir='ltr'><strong>nimie</strong></span> <span class='ocrx_word' id='word_1_93' title='bbox 565 1304 703 1366; x_wconf 88' lang='lat' dir='ltr'><strong>assellare</strong></span> <span class='ocrx_word' id='word_1_94' title='bbox 731 1303 944 1367; x_wconf 85' lang='lat' dir='ltr'><strong>desideraverit</strong></span> <span class='ocrx_word' id='word_1_95' title='bbox 976 1307 1101 1368; x_wconf 80' lang='lat' dir='ltr'><strong>anieron.</strong></span> 
     </span>
     <span class='ocr_line' id='line_1_14' title="bbox 81 1395 1101 1474; baseline -0.001 -17"><span class='ocrx_word' id='word_1_96' title='bbox 81 1399 128 1457; x_wconf 91' lang='lat' dir='ltr'><strong>sic</strong></span> <span class='ocrx_word' id='word_1_97' title='bbox 161 1396 242 1455; x_wconf 91' lang='lat' dir='ltr'><strong>enim</strong></span> <span class='ocrx_word' id='word_1_98' title='bbox 268 1395 379 1474; x_wconf 89' lang='lat' dir='ltr'><strong>poterit</strong></span> <span class='ocrx_word' id='word_1_99' title='bbox 407 1395 502 1454; x_wconf 88' lang='lat' dir='ltr'><strong>omnis</strong></span> <span class='ocrx_word' id='word_1_100' title='bbox 531 1401 699 1455; x_wconf 85' lang='lat' dir='ltr'><strong>stercorum</strong></span> <span class='ocrx_word' id='word_1_101' title='bbox 726 1401 857 1455; x_wconf 88' lang='lat' dir='ltr'><strong>vetustas</strong></span> <span class='ocrx_word' id='word_1_102' title='bbox 886 1396 1030 1455; x_wconf 90' lang='lat' dir='ltr'><strong>correctis</strong></span> <span class='ocrx_word' id='word_1_103' title='bbox 1058 1397 1101 1457; x_wconf 93' lang='lat' dir='ltr'><strong>in·</strong></span> 
     </span>
     <span class='ocr_line' id='line_1_15' title="bbox 83 1480 1101 1562; baseline -0.002 -16"><span class='ocrx_word' id='word_1_104' title='bbox 83 1485 207 1546; x_wconf 89' lang='lat' dir='ltr'><strong>testinis</strong></span> <span class='ocrx_word' id='word_1_105' title='bbox 230 1483 321 1544; x_wconf 91' lang='lat' dir='ltr'><strong>nimia</strong></span> <span class='ocrx_word' id='word_1_106' title='bbox 343 1483 519 1543; x_wconf 87' lang='lat' dir='ltr'><strong>ventositate</strong></span> <span class='ocrx_word' id='word_1_107' title='bbox 543 1481 669 1543; x_wconf 84' lang='lat' dir='ltr'><strong>excludi.</strong></span> <span class='ocrx_word' id='word_1_108' title='bbox 713 1480 820 1543; x_wconf 90' lang='lat' dir='ltr'><strong>dehinc</strong></span> <span class='ocrx_word' id='word_1_109' title='bbox 843 1484 941 1545; x_wconf 90' lang='lat' dir='ltr'><strong>ventri</strong></span> <span class='ocrx_word' id='word_1_110' title='bbox 964 1490 994 1544; x_wconf 91' lang='lat' dir='ltr'><strong>et</strong></span> <span class='ocrx_word' id='word_1_111' title='bbox 1017 1501 1101 1562; x_wconf 88' lang='lat' dir='ltr'><strong>prae·</strong></span> 
     </span>
     <span class='ocr_line' id='line_1_16' title="bbox 82 1570 1142 1650; baseline 0.001 -17"><span class='ocrx_word' id='word_1_112' title='bbox 82 1571 198 1634; x_wconf 92' lang='lat' dir='ltr'><strong>cordiis</strong></span> <span class='ocrx_word' id='word_1_113' title='bbox 218 1589 254 1631; x_wconf 82' lang='lat' dir='ltr'><strong>ex</strong></span> <span class='ocrx_word' id='word_1_114' title='bbox 273 1570 366 1632; x_wconf 91' lang='lat' dir='ltr'><strong>calida</strong></span> <span class='ocrx_word' id='word_1_115' title='bbox 385 1577 415 1631; x_wconf 92' lang='lat' dir='ltr'><strong>et</strong></span> <span class='ocrx_word' id='word_1_116' title='bbox 434 1570 499 1631; x_wconf 91' lang='lat' dir='ltr'><strong>oleo</strong></span> <span class='ocrx_word' id='word_1_117' title='bbox 518 1571 678 1632; x_wconf 89' lang='lat' dir='ltr'><strong>sullicienti</strong></span> <span class='ocrx_word' id='word_1_118' title='bbox 695 1577 845 1650; x_wconf 82' lang='lat' dir='ltr'><strong>ptygmata</strong></span> <span class='ocrx_word' id='word_1_119' title='bbox 864 1570 955 1632; x_wconf 83' lang='lat' dir='ltr'><strong>dabis.</strong></span> <span class='ocrx_word' id='word_1_120' title='bbox 988 1573 1014 1634; x_wconf 88' lang='lat' dir='ltr'><strong>si</strong></span> <span class='ocrx_word' id='word_1_121' title='bbox 1031 1589 1101 1634; x_wconf 85' lang='lat' dir='ltr'><strong>vero</strong></span> <span class='ocrx_word' id='word_1_122' title='bbox 1115 1586 1142 1627; x_wconf 77' lang='lat'><strong>1⁶</strong></span> 
     </span>
     <span class='ocr_line' id='line_1_17' title="bbox 82 1659 1100 1739; baseline 0 -17"><span class='ocrx_word' id='word_1_123' title='bbox 82 1663 177 1722; x_wconf 93' lang='lat' dir='ltr'><strong>nimia</strong></span> <span class='ocrx_word' id='word_1_124' title='bbox 211 1661 328 1720; x_wconf 87' lang='lat' dir='ltr'><strong>siccitas</strong></span> <span class='ocrx_word' id='word_1_125' title='bbox 360 1661 495 1739; x_wconf 89' lang='lat' dir='ltr'><strong>corporis</strong></span> <span class='ocrx_word' id='word_1_126' title='bbox 527 1659 630 1739; x_wconf 89' lang='lat' dir='ltr'><strong>luerit,</strong></span> <span class='ocrx_word' id='word_1_127' title='bbox 667 1661 756 1720; x_wconf 88' lang='lat' dir='ltr'><strong>etiam</strong></span> <span class='ocrx_word' id='word_1_128' title='bbox 788 1677 825 1720; x_wconf 83' lang='lat' dir='ltr'><strong>ex</strong></span> <span class='ocrx_word' id='word_1_129' title='bbox 857 1660 950 1722; x_wconf 87' lang='lat' dir='ltr'><strong>calida</strong></span> <span class='ocrx_word' id='word_1_130' title='bbox 977 1669 1008 1722; x_wconf 87' lang='lat' dir='ltr'><strong>et</strong></span> <span class='ocrx_word' id='word_1_131' title='bbox 1035 1661 1100 1722; x_wconf 90' lang='lat' dir='ltr'><strong>oleo</strong></span> 
     </span>
     <span class='ocr_line' id='line_1_18' title="bbox 81 1746 769 1828; baseline -0.003 -17"><span class='ocrx_word' id='word_1_132' title='bbox 81 1750 251 1828; x_wconf 88' lang='lat' dir='ltr'><strong>semicupio</strong></span> <span class='ocrx_word' id='word_1_133' title='bbox 275 1747 418 1827; x_wconf 88' lang='lat' dir='ltr'><strong>depositis</strong></span> <span class='ocrx_word' id='word_1_134' title='bbox 442 1746 583 1808; x_wconf 91' lang='lat' dir='ltr'><strong>embasim</strong></span> <span class='ocrx_word' id='word_1_135' title='bbox 608 1747 769 1810; x_wconf 81' lang='lat' dir='ltr'><strong>adhibebis.</strong></span> 
     </span>
    </p>
   </div>
   <div class='ocr_carea' id='block_1_3' title="bbox 255 1905 931 1985">
    <p class='ocr_par' dir='ltr' id='par_1_3' title="bbox 255 1905 931 1985">
     <span class='ocr_line' id='line_1_19' title="bbox 255 1905 931 1985; baseline 0.003 -19"><span class='ocrx_word' id='word_1_136' title='bbox 255 1906 314 1967; x_wconf 92' lang='lat' dir='ltr'><strong>Lll.</strong></span> <span class='ocrx_word' id='word_1_137' title='bbox 351 1905 399 1967; x_wconf 78' lang='lat' dir='ltr'><strong>nd</strong></span> <span class='ocrx_word' id='word_1_138' title='bbox 422 1906 614 1985; x_wconf 82' lang='lat' dir='ltr'><strong>podagram</strong></span> <span class='ocrx_word' id='word_1_139' title='bbox 638 1914 672 1966; x_wconf 91' lang='lat' dir='ltr'><strong>ct</strong></span> <span class='ocrx_word' id='word_1_140' title='bbox 694 1905 931 1968; x_wconf 87' lang='lat' dir='ltr'><strong>arthritieam.</strong></span> 
     </span>
    </p>
   </div>
   <div class='ocr_carea' id='block_1_4' title="bbox 69 2011 1141 2289">
    <p class='ocr_par' dir='ltr' id='par_1_4' title="bbox 69 2011 1141 2289">
     <span class='ocr_line' id='line_1_20' title="bbox 176 2011 1101 2111; baseline 0.002 -21"><span class='ocrx_word' id='word_1_141' title='bbox 176 2029 231 2092; x_wconf 89' lang='lat' dir='ltr'><strong>Est</strong></span> <span class='ocrx_word' id='word_1_142' title='bbox 250 2038 348 2091; x_wconf 89' lang='lat' dir='ltr'><strong>autern</strong></span> <span class='ocrx_word' id='word_1_143' title='bbox 367 2030 496 2110; x_wconf 87' lang='lat' dir='ltr'><strong>podagra</strong></span> <span class='ocrx_word' id='word_1_144' title='bbox 515 2032 645 2092; x_wconf 89' lang='lat' dir='ltr'><strong>causatio</strong></span> <span class='ocrx_word' id='word_1_145' title='bbox 663 2028 773 2110; x_wconf 91' lang='lat' dir='ltr'><strong>pedum</strong></span> <span class='ocrx_word' id='word_1_146' title='bbox 792 2047 952 2092; x_wconf 82' lang='lat' dir='ltr'><strong>nervorum</strong></span> <span class='ocrx_word' id='word_1_147' title='bbox 971 2011 1101 2111; x_wconf 82' lang='lat' dir='ltr'><strong>partium</strong></span> 
     </span>
     <span class='ocr_line' id='line_1_21' title="bbox 82 2118 1141 2201; baseline -0.003 -18"><span class='ocrx_word' id='word_1_148' title='bbox 82 2120 273 2200; x_wconf 86' lang='lat' dir='ltr'><strong>ultimarum,</strong></span> <span class='ocrx_word' id='word_1_149' title='bbox 301 2136 337 2180; x_wconf 84' lang='lat' dir='ltr'><strong>ex</strong></span> <span class='ocrx_word' id='word_1_150' title='bbox 363 2136 421 2197; x_wconf 85' lang='lat' dir='ltr'><strong>qua</strong></span> <span class='ocrx_word' id='word_1_151' title='bbox 444 2120 589 2198; x_wconf 92' lang='lat' dir='ltr'><strong>contingit</strong></span> <span class='ocrx_word' id='word_1_152' title='bbox 617 2118 798 2198; x_wconf 91' lang='lat' dir='ltr'><strong>patientibus</strong></span> <span class='ocrx_word' id='word_1_153' title='bbox 820 2137 942 2199; x_wconf 88' lang='lat' dir='ltr'><strong>gressus</strong></span> <span class='ocrx_word' id='word_1_154' title='bbox 966 2123 1101 2201; x_wconf 88' lang='lat' dir='ltr'><strong>corporis</strong></span> <span class='ocrx_word' id='word_1_155' title='bbox 1115 2135 1141 2174; x_wconf 78' lang='lat' dir='ltr'><strong>ro</strong></span> 
     </span>
     <span class='ocr_line' id='line_1_22' title="bbox 69 2207 1100 2289; baseline 0 -19"><span class='ocrx_word' id='word_1_156' title='bbox 69 2207 233 2289; x_wconf 82' lang='lat' dir='ltr'><strong>impediri.</strong></span> <span class='ocrx_word' id='word_1_157' title='bbox 271 2209 407 2287; x_wconf 86' lang='lat' dir='ltr'><strong>sequitur</strong></span> <span class='ocrx_word' id='word_1_158' title='bbox 430 2216 529 2268; x_wconf 90' lang='lat' dir='ltr'><strong>autem</strong></span> <span class='ocrx_word' id='word_1_159' title='bbox 552 2207 720 2269; x_wconf 89' lang='lat' dir='ltr'><strong>laborantes</strong></span> <span class='ocrx_word' id='word_1_160' title='bbox 743 2210 861 2288; x_wconf 91' lang='lat' dir='ltr'><strong>inipso</strong></span> <span class='ocrx_word' id='word_1_161' title='bbox 885 2211 969 2271; x_wconf 92' lang='lat' dir='ltr'><strong>initio</strong></span> <span class='ocrx_word' id='word_1_162' title='bbox 994 2227 1100 2270; x_wconf 91' lang='lat' dir='ltr'><strong>sensus</strong></span> 
     </span>
    </p>
   </div>
   <div class='ocr_carea' id='block_1_5' title="bbox 63 2359 1102 3512">
    <p class='ocr_par' dir='ltr' id='par_1_5' title="bbox 63 2359 1102 3512">
     <span class='ocr_line' id='line_1_23' title="bbox 157 2359 1100 2431; baseline 0.002 -15"><span class='ocrx_word' id='word_1_163' title='bbox 157 2367 174 2416; x_wconf 77' lang='lat'><strong>2</strong></span> <span class='ocrx_word' id='word_1_164' title='bbox 192 2359 319 2416; x_wconf 84' lang='lat' dir='ltr'><strong>folliculo</strong></span> <span class='ocrx_word' id='word_1_165' title='bbox 337 2377 379 2430; x_wconf 84' lang='lat' dir='ltr'><strong>cp.</strong></span> <span class='ocrx_word' id='word_1_166' title='bbox 487 2360 589 2416; x_wconf 72' lang='lat' dir='ltr'><strong>cerarii</strong></span> <span class='ocrx_word' id='word_1_167' title='bbox 614 2362 660 2430; x_wconf 82' lang='lat' dir='ltr'><strong>(cf.</strong></span> <span class='ocrx_word' id='word_1_168' title='bbox 681 2360 753 2418; x_wconf 80' lang='lat' dir='ltr'><strong>Geel.</strong></span> <span class='ocrx_word' id='word_1_169' title='bbox 773 2377 816 2416; x_wconf 80' lang='lat' dir='ltr'><strong>ox.</strong></span> <span class='ocrx_word' id='word_1_170' title='bbox 837 2367 866 2428; x_wconf 89' lang='lat'><strong>3,</strong></span> <span class='ocrx_word' id='word_1_171' title='bbox 887 2363 963 2430; x_wconf 77' lang='lat'>154):</span> <span class='ocrx_word' id='word_1_172' title='bbox 986 2361 1059 2417; x_wconf 78' lang='lat' dir='ltr'><strong>orori</strong></span> <span class='ocrx_word' id='word_1_173' title='bbox 1077 2379 1100 2431; x_wconf 84' lang='lat' dir='ltr'><strong>c,</strong></span> 
     </span>
     <span class='ocr_line' id='line_1_24' title="bbox 81 2432 1101 2519; baseline -0.003 -13"><span class='ocrx_word' id='word_1_174' title='bbox 81 2432 173 2518; x_wconf 56' lang='lat' dir='ltr'><strong>¹³§tori</strong></span> <span class='ocrx_word' id='word_1_175' title='bbox 186 2455 223 2519; x_wconf 57' lang='grc' dir='ltr'><strong>ρο</strong></span> <span class='ocrx_word' id='word_1_176' title='bbox 242 2449 302 2518; x_wconf 78' lang='lat' dir='ltr'><strong>(ott</strong></span> <span class='ocrx_word' id='word_1_177' title='bbox 319 2451 349 2504; x_wconf 83' lang='lat' dir='ltr'><strong>to</strong></span> <span class='ocrx_word' id='word_1_178' title='bbox 367 2465 401 2503; x_wconf 82' lang='lat' dir='ltr'><strong>erc</strong></span> <span class='ocrx_word' id='word_1_179' title='bbox 419 2450 509 2518; x_wconf 67' lang='lat' dir='ltr'><strong>corn).</strong></span> <span class='ocrx_word' id='word_1_180' title='bbox 595 2449 825 2503; x_wconf 72' lang='lat' dir='ltr'><strong>tiniestinornm</strong></span> <span class='ocrx_word' id='word_1_181' title='bbox 839 2465 874 2517; x_wconf 64' lang='grc' dir='ltr'><strong>με</strong></span> <span class='ocrx_word' id='word_1_182' title='bbox 893 2464 944 2503; x_wconf 87' lang='lat' dir='ltr'><strong>om.</strong></span> <span class='ocrx_word' id='word_1_183' title='bbox 963 2465 985 2504; x_wconf 89' lang='lat' dir='ltr'><strong>c.</strong></span> <span class='ocrx_word' id='word_1_184' title='bbox 1058 2449 1101 2503; x_wconf 91' lang='lat' dir='ltr'><strong>in-</strong></span> 
     </span>
     <span class='ocr_line' id='line_1_25' title="bbox 81 2518 1100 2591; baseline -0.004 -14"><span class='ocrx_word' id='word_1_185' title='bbox 81 2522 234 2578; x_wconf 80' lang='lat' dir='ltr'><strong>voluteode</strong></span> <span class='ocrx_word' id='word_1_186' title='bbox 253 2520 389 2589; x_wconf 89' lang='lat' dir='ltr'><strong>(-cione)</strong></span> <span class='ocrx_word' id='word_1_187' title='bbox 409 2536 430 2573; x_wconf 91' lang='lat' dir='ltr'><strong>c.</strong></span> <span class='ocrx_word' id='word_1_188' title='bbox 524 2518 665 2574; x_wconf 75' lang='lat' dir='ltr'><strong>tbubule</strong></span> <span class='ocrx_word' id='word_1_189' title='bbox 679 2535 709 2587; x_wconf 82' lang='lat' dir='ltr'><strong>p.</strong></span> <span class='ocrx_word' id='word_1_190' title='bbox 795 2520 945 2574; x_wconf 72' lang='lat' dir='ltr'><strong>diabulo:</strong></span> <span class='ocrx_word' id='word_1_191' title='bbox 964 2521 996 2574; x_wconf 75' lang='lat' dir='ltr'><strong>ln</strong></span> <span class='ocrx_word' id='word_1_192' title='bbox 1013 2535 1100 2591; x_wconf 81' lang='lat' dir='ltr'><strong>marg.</strong></span> 
     </span>
     <span class='ocr_line' id='line_1_26' title="bbox 77 2587 1101 2664; baseline -0.002 -18"><span class='ocrx_word' id='word_1_193' title='bbox 77 2599 117 2664; x_wconf 68' lang='lat'><strong>10⁰</strong></span> <span class='ocrx_word' id='word_1_194' title='bbox 135 2591 155 2646; x_wconf 90' lang='lat' dir='ltr'><strong>i.</strong></span> <span class='ocrx_word' id='word_1_195' title='bbox 170 2590 354 2646; x_wconf 80' lang='lat' dir='ltr'><strong>exsufleiorio.</strong></span> <span class='ocrx_word' id='word_1_196' title='bbox 427 2588 558 2644; x_wconf 83' lang='lat' dir='ltr'><strong>fnlucnlli</strong></span> <span class='ocrx_word' id='word_1_197' title='bbox 571 2605 594 2658; x_wconf 91' lang='lat' dir='ltr'><strong>c,</strong></span> <span class='ocrx_word' id='word_1_198' title='bbox 612 2587 732 2644; x_wconf 88' lang='lat' dir='ltr'><strong>folliculi</strong></span> <span class='ocrx_word' id='word_1_199' title='bbox 747 2605 779 2658; x_wconf 83' lang='lat' dir='ltr'><strong>p.</strong></span> <span class='ocrx_word' id='word_1_200' title='bbox 850 2592 961 2658; x_wconf 81' lang='lat' dir='ltr'><strong>operto:</strong></span> <span class='ocrx_word' id='word_1_201' title='bbox 977 2591 1058 2659; x_wconf 80' lang='lat' dir='ltr'><strong>epoto</strong></span> <span class='ocrx_word' id='word_1_202' title='bbox 1069 2606 1101 2658; x_wconf 80' lang='lat' dir='ltr'><strong>p,</strong></span> 
     </span>
     <span class='ocr_line' id='line_1_27' title="bbox 82 2659 1100 2734; baseline -0.005 -16"><span class='ocrx_word' id='word_1_203' title='bbox 82 2661 178 2734; x_wconf 77' lang='lat' dir='ltr'><strong>spatio</strong></span> <span class='ocrx_word' id='word_1_204' title='bbox 192 2677 215 2716; x_wconf 92' lang='lat' dir='ltr'><strong>o.</strong></span> <span class='ocrx_word' id='word_1_205' title='bbox 279 2664 386 2732; x_wconf 82' lang='lat' dir='ltr'><strong>operte</strong></span> <span class='ocrx_word' id='word_1_206' title='bbox 400 2675 487 2729; x_wconf 78' lang='lat' dir='ltr'><strong>amp.</strong></span> <span class='ocrx_word' id='word_1_207' title='bbox 550 2659 688 2730; x_wconf 80' lang='lat' dir='ltr'><strong>ligobire=</strong></span> <span class='ocrx_word' id='word_1_208' title='bbox 702 2659 837 2730; x_wconf 76' lang='lat' dir='ltr'><strong>religabis</strong></span> <span class='ocrx_word' id='word_1_209' title='bbox 843 2677 874 2729; x_wconf 86' lang='lat' dir='ltr'><strong>p.</strong></span> <span class='ocrx_word' id='word_1_210' title='bbox 940 2659 1100 2732; x_wconf 72' lang='lat' dir='ltr'><strong>tligebisc.</strong></span> 
     </span>
     <span class='ocr_line' id='line_1_28' title="bbox 80 2730 1102 2803; baseline -0.003 -13"><span class='ocrx_word' id='word_1_211' title='bbox 80 2735 225 2790; x_wconf 57' lang='lat' dir='ltr'><strong>montem</strong></span> <span class='ocrx_word' id='word_1_212' title='bbox 243 2735 372 2803; x_wconf 79' lang='lat' dir='ltr'><strong>egrotum</strong></span> <span class='ocrx_word' id='word_1_213' title='bbox 390 2747 432 2802; x_wconf 85' lang='lat' dir='ltr'><strong>ep.</strong></span> <span class='ocrx_word' id='word_1_214' title='bbox 518 2731 604 2786; x_wconf 83' lang='lat' dir='ltr'><strong>8sub</strong></span> <span class='ocrx_word' id='word_1_215' title='bbox 622 2730 715 2801; x_wconf 80' lang='lat' dir='ltr'><strong>posito</strong></span> <span class='ocrx_word' id='word_1_216' title='bbox 733 2747 775 2800; x_wconf 86' lang='lat' dir='ltr'><strong>cp.</strong></span> <span class='ocrx_word' id='word_1_217' title='bbox 861 2731 1027 2802; x_wconf 67' lang='lat' dir='ltr'><strong>ter-migale</strong></span> <span class='ocrx_word' id='word_1_218' title='bbox 1046 2738 1102 2800; x_wconf 60' lang='grc' dir='ltr'><strong>φῦ,</strong></span> 
     </span>
     <span class='ocr_line' id='line_1_29' title="bbox 80 2801 1100 2872; baseline -0.005 -11"><span class='ocrx_word' id='word_1_219' title='bbox 80 2804 231 2861; x_wconf 73' lang='lat' dir='ltr'><strong>criminato</strong></span> <span class='ocrx_word' id='word_1_220' title='bbox 245 2819 276 2872; x_wconf 81' lang='lat' dir='ltr'><strong>p.</strong></span> <span class='ocrx_word' id='word_1_221' title='bbox 362 2803 428 2858; x_wconf 83' lang='lat' dir='ltr'><strong>felle</strong></span> <span class='ocrx_word' id='word_1_222' title='bbox 447 2818 473 2872; x_wconf 89' lang='lat' dir='ltr'><strong>o,</strong></span> <span class='ocrx_word' id='word_1_223' title='bbox 492 2801 588 2857; x_wconf 85' lang='lat' dir='ltr'><strong>iollem</strong></span> <span class='ocrx_word' id='word_1_224' title='bbox 602 2819 634 2871; x_wconf 85' lang='lat' dir='ltr'><strong>p.</strong></span> <span class='ocrx_word' id='word_1_225' title='bbox 715 2803 800 2858; x_wconf 83' lang='lat' dir='ltr'><strong>vento</strong></span> <span class='ocrx_word' id='word_1_226' title='bbox 822 2818 864 2872; x_wconf 82' lang='lat' dir='ltr'><strong>op.</strong></span> <span class='ocrx_word' id='word_1_227' title='bbox 949 2807 982 2857; x_wconf 88' lang='lat'><strong>10</strong></span> <span class='ocrx_word' id='word_1_228' title='bbox 1001 2801 1055 2858; x_wconf 88' lang='lat' dir='ltr'><strong>sibi</strong></span> <span class='ocrx_word' id='word_1_229' title='bbox 1074 2819 1100 2858; x_wconf 90' lang='lat' dir='ltr'><strong>c:</strong></span> 
     </span>
     <span class='ocr_line' id='line_1_30' title="bbox 81 2873 1100 2945; baseline -0.005 -13"><span class='ocrx_word' id='word_1_230' title='bbox 81 2877 109 2934; x_wconf 85' lang='lat' dir='ltr'><strong>si</strong></span> <span class='ocrx_word' id='word_1_231' title='bbox 123 2893 156 2945; x_wconf 80' lang='lat' dir='ltr'><strong>P·</strong></span> <span class='ocrx_word' id='word_1_232' title='bbox 245 2891 334 2944; x_wconf 83' lang='lat' dir='ltr'><strong>usque</strong></span> <span class='ocrx_word' id='word_1_233' title='bbox 357 2873 395 2928; x_wconf 87' lang='lat' dir='ltr'><strong>ed</strong></span> <span class='ocrx_word' id='word_1_234' title='bbox 417 2874 592 2928; x_wconf 67' lang='lat' dir='ltr'><strong>stomachum</strong></span> <span class='ocrx_word' id='word_1_235' title='bbox 614 2889 649 2942; x_wconf 80' lang='lat' dir='ltr'><strong>p:</strong></span> <span class='ocrx_word' id='word_1_236' title='bbox 673 2889 723 2928; x_wconf 86' lang='lat' dir='ltr'><strong>om.</strong></span> <span class='ocrx_word' id='word_1_237' title='bbox 744 2890 765 2927; x_wconf 89' lang='lat' dir='ltr'><strong>c.</strong></span> <span class='ocrx_word' id='word_1_238' title='bbox 858 2879 889 2928; x_wconf 93' lang='grc'><strong>11</strong></span> <span class='ocrx_word' id='word_1_239' title='bbox 910 2873 1059 2930; x_wconf 70' lang='lat' dir='ltr'><strong>deuehens</strong></span> <span class='ocrx_word' id='word_1_240' title='bbox 1078 2890 1100 2928; x_wconf 87' lang='lat' dir='ltr'><strong>o.</strong></span> 
     </span>
     <span class='ocr_line' id='line_1_31' title="bbox 82 2943 1100 3017; baseline -0.004 -15"><span class='ocrx_word' id='word_1_241' title='bbox 82 2945 215 3017; x_wconf 87' lang='lat' dir='ltr'><strong>podicem</strong></span> <span class='ocrx_word' id='word_1_242' title='bbox 238 2945 371 3000; x_wconf 76' lang='lat' dir='ltr'><strong>obtrudes</strong></span> <span class='ocrx_word' id='word_1_243' title='bbox 394 2961 421 2999; x_wconf 88' lang='lat' dir='ltr'><strong>c:</strong></span> <span class='ocrx_word' id='word_1_244' title='bbox 444 2943 576 3015; x_wconf 89' lang='lat' dir='ltr'><strong>pollicem</strong></span> <span class='ocrx_word' id='word_1_245' title='bbox 604 2943 746 3000; x_wconf 80' lang='lat' dir='ltr'><strong>obstinens</strong></span> <span class='ocrx_word' id='word_1_246' title='bbox 773 2944 905 3000; x_wconf 83' lang='lat' dir='ltr'><strong>obtrudes</strong></span> <span class='ocrx_word' id='word_1_247' title='bbox 927 2961 958 3016; x_wconf 88' lang='lat' dir='ltr'><strong>p.</strong></span> <span class='ocrx_word' id='word_1_248' title='bbox 1066 2949 1100 2999; x_wconf 79' lang='lat'><strong>18</strong></span> 
     </span>
     <span class='ocr_line' id='line_1_32' title="bbox 82 3015 1100 3085; baseline -0.004 -12"><span class='ocrx_word' id='word_1_249' title='bbox 82 3017 213 3073; x_wconf 87' lang='lat' dir='ltr'><strong>omnium</strong></span> <span class='ocrx_word' id='word_1_250' title='bbox 232 3033 273 3085; x_wconf 84' lang='lat' dir='ltr'><strong>cp.</strong></span> <span class='ocrx_word' id='word_1_251' title='bbox 364 3015 498 3070; x_wconf 80' lang='lat' dir='ltr'><strong>vetustius</strong></span> <span class='ocrx_word' id='word_1_252' title='bbox 516 3015 642 3084; x_wconf 84' lang='lat' dir='ltr'><strong>eorigore</strong></span> <span class='ocrx_word' id='word_1_253' title='bbox 660 3015 792 3071; x_wconf 82' lang='lat' dir='ltr'><strong>correctis</strong></span> <span class='ocrx_word' id='word_1_254' title='bbox 811 3016 871 3085; x_wconf 83' lang='lat' dir='ltr'><strong>(sic)</strong></span> <span class='ocrx_word' id='word_1_255' title='bbox 890 3032 912 3072; x_wconf 86' lang='lat' dir='ltr'><strong>c.</strong></span> <span class='ocrx_word' id='word_1_256' title='bbox 1005 3021 1039 3070; x_wconf 85' lang='lat'><strong>14</strong></span> <span class='ocrx_word' id='word_1_257' title='bbox 1058 3016 1100 3070; x_wconf 82' lang='lat' dir='ltr'><strong>et:</strong></span> 
     </span>
     <span class='ocr_line' id='line_1_33' title="bbox 84 3085 1102 3158; baseline -0.005 -14"><span class='ocrx_word' id='word_1_258' title='bbox 84 3105 118 3144; x_wconf 80' lang='lat' dir='ltr'><strong>ec</strong></span> <span class='ocrx_word' id='word_1_259' title='bbox 133 3105 163 3157; x_wconf 85' lang='lat' dir='ltr'><strong>p.</strong></span> <span class='ocrx_word' id='word_1_260' title='bbox 256 3093 289 3144; x_wconf 80' lang='lat'><strong>15</strong></span> <span class='ocrx_word' id='word_1_261' title='bbox 307 3085 487 3156; x_wconf 79' lang='lat' dir='ltr'><strong>(sufficientis</strong></span> <span class='ocrx_word' id='word_1_262' title='bbox 503 3085 519 3158; x_wconf 77' lang='lat' dir='ltr'><strong>l)</strong></span> <span class='ocrx_word' id='word_1_263' title='bbox 537 3085 643 3156; x_wconf 78' lang='lat' dir='ltr'><strong>liginte</strong></span> <span class='ocrx_word' id='word_1_264' title='bbox 660 3102 683 3154; x_wconf 84' lang='lat' dir='ltr'><strong>e,</strong></span> <span class='ocrx_word' id='word_1_265' title='bbox 701 3087 843 3157; x_wconf 77' lang='lat' dir='ltr'><strong>ptigmele</strong></span> <span class='ocrx_word' id='word_1_266' title='bbox 857 3102 887 3155; x_wconf 79' lang='lat' dir='ltr'><strong>p.</strong></span> <span class='ocrx_word' id='word_1_267' title='bbox 961 3091 995 3140; x_wconf 81' lang='grc'>16</span> <span class='ocrx_word' id='word_1_268' title='bbox 1016 3085 1102 3141; x_wconf 80' lang='lat' dir='ltr'><strong>luerit</strong></span> 
     </span>
     <span class='ocr_line' id='line_1_34' title="bbox 83 3155 1099 3229; baseline -0.003 -14"><span class='ocrx_word' id='word_1_269' title='bbox 83 3157 210 3229; x_wconf 86' lang='lat' dir='ltr'><strong>corporis</strong></span> <span class='ocrx_word' id='word_1_270' title='bbox 223 3175 254 3228; x_wconf 80' lang='lat' dir='ltr'><strong>p.</strong></span> <span class='ocrx_word' id='word_1_271' title='bbox 341 3157 428 3212; x_wconf 79' lang='lat' dir='ltr'><strong>etism</strong></span> <span class='ocrx_word' id='word_1_272' title='bbox 446 3155 476 3212; x_wconf 89' lang='lat' dir='ltr'><strong>in</strong></span> <span class='ocrx_word' id='word_1_273' title='bbox 494 3156 586 3212; x_wconf 78' lang='lat' dir='ltr'><strong>calide</strong></span> <span class='ocrx_word' id='word_1_274' title='bbox 603 3160 634 3212; x_wconf 84' lang='lat' dir='ltr'><strong>et</strong></span> <span class='ocrx_word' id='word_1_275' title='bbox 651 3157 714 3212; x_wconf 86' lang='lat' dir='ltr'><strong>oleo</strong></span> <span class='ocrx_word' id='word_1_276' title='bbox 728 3175 767 3227; x_wconf 85' lang='lat' dir='ltr'><strong>p,</strong></span> <span class='ocrx_word' id='word_1_277' title='bbox 785 3159 814 3214; x_wconf 81' lang='lat' dir='ltr'><strong>oi</strong></span> <span class='ocrx_word' id='word_1_278' title='bbox 832 3157 926 3213; x_wconf 77' lang='lat' dir='ltr'><strong>calide</strong></span> <span class='ocrx_word' id='word_1_279' title='bbox 942 3173 977 3211; x_wconf 87' lang='lat' dir='ltr'><strong>ex</strong></span> <span class='ocrx_word' id='word_1_280' title='bbox 995 3156 1058 3212; x_wconf 89' lang='lat' dir='ltr'><strong>oleo</strong></span> <span class='ocrx_word' id='word_1_281' title='bbox 1077 3173 1099 3212; x_wconf 86' lang='lat' dir='ltr'><strong>c.</strong></span> 
     </span>
     <span class='ocr_line' id='line_1_35' title="bbox 63 3227 1099 3299; baseline -0.002 -15"><span class='ocrx_word' id='word_1_282' title='bbox 63 3236 119 3296; x_wconf 78' lang='grc'>,17</span> <span class='ocrx_word' id='word_1_283' title='bbox 140 3229 245 3284; x_wconf 81' lang='lat' dir='ltr'><strong>semion</strong></span> <span class='ocrx_word' id='word_1_284' title='bbox 265 3228 293 3284; x_wconf 92' lang='lat' dir='ltr'><strong>io</strong></span> <span class='ocrx_word' id='word_1_285' title='bbox 307 3244 330 3298; x_wconf 86' lang='lat' dir='ltr'><strong>c,</strong></span> <span class='ocrx_word' id='word_1_286' title='bbox 349 3236 476 3299; x_wconf 84' lang='lat' dir='ltr'><strong>soicup1o</strong></span> <span class='ocrx_word' id='word_1_287' title='bbox 486 3244 517 3296; x_wconf 81' lang='lat' dir='ltr'><strong>p.</strong></span> <span class='ocrx_word' id='word_1_288' title='bbox 590 3227 734 3296; x_wconf 76' lang='lat' dir='ltr'><strong>depositos</strong></span> <span class='ocrx_word' id='word_1_289' title='bbox 748 3245 788 3298; x_wconf 79' lang='lat' dir='ltr'><strong>op.</strong></span> <span class='ocrx_word' id='word_1_290' title='bbox 861 3227 941 3282; x_wconf 73' lang='lat' dir='ltr'><strong>ebusi</strong></span> <span class='ocrx_word' id='word_1_291' title='bbox 957 3243 992 3296; x_wconf 78' lang='lat' dir='ltr'><strong>p:</strong></span> <span class='ocrx_word' id='word_1_292' title='bbox 1011 3244 1061 3282; x_wconf 90' lang='lat' dir='ltr'><strong>om.</strong></span> <span class='ocrx_word' id='word_1_293' title='bbox 1077 3244 1099 3283; x_wconf 89' lang='lat' dir='ltr'><strong>o.</strong></span> 
     </span>
     <span class='ocr_line' id='line_1_36' title="bbox 86 3247 1101 3372; baseline -0.003 -17"><span class='ocrx_word' id='word_1_294' title='bbox 86 3307 119 3356; x_wconf 84' lang='lat'><strong>18</strong></span> <span class='ocrx_word' id='word_1_295' title='bbox 138 3300 183 3355; x_wconf 89' lang='lat' dir='ltr'><strong>Ad</strong></span> <span class='ocrx_word' id='word_1_296' title='bbox 206 3247 359 3370; x_wconf 56' lang='lat' dir='ltr'><strong>pogegrem</strong></span> <span class='ocrx_word' id='word_1_297' title='bbox 378 3302 407 3354; x_wconf 82' lang='lat' dir='ltr'><strong>ct</strong></span> <span class='ocrx_word' id='word_1_298' title='bbox 424 3299 573 3355; x_wconf 80' lang='lat' dir='ltr'><strong>erioticsm</strong></span> <span class='ocrx_word' id='word_1_299' title='bbox 591 3314 617 3367; x_wconf 84' lang='lat' dir='ltr'><strong>c,</strong></span> <span class='ocrx_word' id='word_1_300' title='bbox 637 3299 678 3353; x_wconf 89' lang='lat' dir='ltr'><strong>De</strong></span> <span class='ocrx_word' id='word_1_301' title='bbox 695 3299 809 3370; x_wconf 83' lang='lat' dir='ltr'><strong>podege</strong></span> <span class='ocrx_word' id='word_1_302' title='bbox 826 3298 902 3372; x_wconf 80' lang='lat' dir='ltr'><strong>poda</strong></span> <span class='ocrx_word' id='word_1_303' title='bbox 916 3315 990 3368; x_wconf 81' lang='lat' dir='ltr'><strong>poss.</strong></span> <span class='ocrx_word' id='word_1_304' title='bbox 1005 3315 1028 3367; x_wconf 83' lang='lat' dir='ltr'><strong>p</strong></span> <span class='ocrx_word' id='word_1_305' title='bbox 1046 3298 1101 3366; x_wconf 86' lang='lat' dir='ltr'><strong>(Ad</strong></span> 
     </span>
     <span class='ocr_line' id='line_1_37' title="bbox 84 3357 1102 3441; baseline -0.004 -15"><span class='ocrx_word' id='word_1_306' title='bbox 84 3389 112 3441; x_wconf 88' lang='lat' dir='ltr'><strong>p.</strong></span> <span class='ocrx_word' id='word_1_307' title='bbox 128 3373 157 3426; x_wconf 81' lang='lat' dir='ltr'><strong>ei</strong></span> <span class='ocrx_word' id='word_1_308' title='bbox 170 3371 302 3426; x_wconf 78' lang='lat' dir='ltr'><strong>erteticos</strong></span> <span class='ocrx_word' id='word_1_309' title='bbox 312 3367 370 3426; x_wconf 78' lang='lat' dir='ltr'><strong>ind.</strong></span> <span class='ocrx_word' id='word_1_310' title='bbox 380 3373 422 3440; x_wconf 85' lang='lat' dir='ltr'><strong>p).</strong></span> <span class='ocrx_word' id='word_1_311' title='bbox 497 3374 530 3423; x_wconf 84' lang='grc'>19</span> <span class='ocrx_word' id='word_1_312' title='bbox 540 3369 644 3440; x_wconf 87' lang='lat' dir='ltr'><strong>pedum</strong></span> <span class='ocrx_word' id='word_1_313' title='bbox 658 3385 792 3426; x_wconf 79' lang='lat' dir='ltr'><strong>senorum</strong></span> <span class='ocrx_word' id='word_1_314' title='bbox 806 3387 829 3440; x_wconf 84' lang='lat' dir='ltr'><strong>c,</strong></span> <span class='ocrx_word' id='word_1_315' title='bbox 843 3357 918 3440; x_wconf 82' lang='lat' dir='ltr'><strong>ped(.</strong></span> <span class='ocrx_word' id='word_1_316' title='bbox 930 3412 937 3427; x_wconf 89' lang='lat'><strong>.</strong></span> <span class='ocrx_word' id='word_1_317' title='bbox 948 3413 954 3425; x_wconf 94' lang='lat'><strong>.</strong></span> <span class='ocrx_word' id='word_1_318' title='bbox 965 3369 1102 3438; x_wconf 64' lang='lat' dir='ltr'><strong>raporum</strong></span> 
     </span>
     <span class='ocr_line' id='line_1_38' title="bbox 80 3441 470 3512; baseline -0.003 -15"><span class='ocrx_word' id='word_1_319' title='bbox 80 3443 168 3511; x_wconf 66' lang='grc' dir='ltr'><strong>Μαί.</strong></span> <span class='ocrx_word' id='word_1_320' title='bbox 189 3441 251 3496; x_wconf 74' lang='lat' dir='ltr'><strong>Gal.</strong></span> <span class='ocrx_word' id='word_1_321' title='bbox 273 3441 375 3512; x_wconf 84' lang='lat' dir='ltr'><strong><em>XIII,</em></strong></span> <span class='ocrx_word' id='word_1_322' title='bbox 393 3445 470 3509; x_wconf 80' lang='lat'><strong>332).</strong></span> 
     </span>
    </p>
   </div>
   <div class='ocr_carea' id='block_1_6' title="bbox 0 0 1230 4014">
    <p class='ocr_par' dir='ltr' id='par_1_6' title="bbox 0 0 1230 4014">
     <span class='ocr_line' id='line_1_39' title="bbox 0 0 1230 4014; baseline 0 0"><span class='ocrx_word' id='word_1_323' title='bbox 0 0 1230 4014; x_wconf 95' lang='lat' dir='ltr'><strong> </strong></span> 
     </span>
    </p>
   </div>
  </div>
 </body>
</html>
