2452 4014
522 217 764 281 -104-

133 367 159 426 si
190 375 290 426 tamen
321 365 430 424 virium
463 362 588 442 qualitas
626 362 719 423 fuerit
752 362 923 443 suffragata,
961 365 1008 426 sin
1040 367 1153 450 miuus,

133 455 241 514 acriori
264 452 396 532 clystere
416 460 549 514 ventrem
572 449 711 512 deduces.

42 567 65 606 r·
80 555 119 595 1⁹⁸
221 540 257 602 ad
286 540 430 602 stomachi
462 541 670 602 ventositatem
703 541 764 601 sive
785 536 790 614 Ι
810 539 993 601 inflationem
1022 549 1055 602 et
1087 552 1152 604 ten-

131 633 248 692 sionem
274 629 346 710 polii
374 630 479 691 cretici
506 627 690 707 manipulum
712 645 807 688 unum
833 629 865 690 in
893 646 970 708 aqua
996 629 1152 712 decoquas

105 728 162 780 set
193 721 258 799 ipsa
292 718 466 780 decoctione
502 719 636 778 ieiunum
672 714 797 794 potabis.
846 723 898 778 aut
934 725 1063 798 nepetae
1102 729 1153 783 aut

131 815 248 869 mentae
286 806 490 868 decoctionem
527 804 656 865 admixto
693 804 810 865 modico
846 804 933 879 melle
971 813 1001 867 et
1033 809 1152 888 piperis

131 898 231 976 granis
263 896 385 975 triginta
412 896 502 975 potui
534 893 626 955 dabis.
672 900 703 953 et
733 901 801 972 post
828 892 901 955 haec
929 893 1074 975 epithima
1105 897 1152 958 dia

131 992 302 1064 spermaton
325 982 445 1062 Filagrii
466 999 605 1062 appones.
643 989 674 1042 et
691 981 849 1044 conficitur
868 984 920 1043 sic.
957 981 1152 1068 cardamomi,

131 1074 246 1153 cyperi,
268 1071 377 1134 herbae
398 1071 532 1151 sabinae,
549 1071 634 1144 nitri,
657 1069 798 1131 bacarum
818 1069 909 1152 lauri,
932 1072 1044 1133 cassiae
1065 1074 1151 1138 tistu-

91 1176 117 1214 10
130 1160 189 1242 lae,
217 1159 357 1240 meliloti,
384 1161 462 1220 laeui
490 1160 589 1238 graeci
615 1157 864 1239 pollinis,·lascis
891 1157 1001 1242 gallici,
1024 1165 1152 1224 seminis

130 1252 202 1330 apii,
235 1251 377 1329 samsuci,
409 1249 505 1328 anesi,
536 1249 657 1326 panacis
687 1245 808 1328 radicis,
840 1249 973 1308 omnium
1001 1249 1151 1312 tredecim

129 1339 233 1399 uncias
260 1344 375 1417 ternas,
407 1337 583 1398 ammoniaci
610 1342 711 1414 guttae
739 1343 770 1397 et
798 1337 915 1396 resinae
947 1335 1150 1401 terebintinae

130 1427 233 1487 uncias
262 1443 362 1507 senas,
390 1424 501 1505 mellis,
529 1423 587 1485 olei
614 1422 745 1505 nardini,
772 1423 866 1504 adipis
893 1426 1018 1506 taurini,
1050 1445 1150 1510 cerae,

129 1517 263 1576 omnium
282 1521 423 1593 quattuor
440 1511 532 1573 libras
551 1511 690 1590 singulas.
724 1511 815 1591 aliqui
830 1529 902 1573 vero
919 1530 976 1593 pro
994 1513 1062 1574 oleo
1083 1534 1149 1578 nar-

90 1617 115 1655 15
129 1601 199 1663 dino
222 1604 380 1682 cyprinum
403 1603 525 1662 mittunt
548 1608 579 1661 et
600 1615 655 1679 pro
674 1598 774 1660 radice
796 1603 917 1680 panacis
936 1605 1149 1682 opopanacem.

130 1699 161 1751 et
175 1692 201 1751 si
215 1691 251 1752 ad
269 1706 411 1770 praesens
429 1687 611 1749 terebintina
624 1706 684 1749 non
703 1688 803 1770 luerit,
822 1688 1000 1751 colofoniam
1012 1693 1147 1756 mittunt

130 1778 243 1840 addunt
266 1777 324 1838 olei
347 1777 450 1859 2111,
477 1778 554 1838 aceti
582 1775 662 1856 quod
686 1777 838 1838 suffecerit
860 1777 897 1838 ad
920 1781 1147 1844 conterendum.

129 1868 305 1928 ammoniaci
332 1874 416 1946 gutta
443 1864 506 1926 sola
534 1867 595 1926 sive
624 1881 692 1927 cum
720 1883 888 1946 opopanace
919 1866 990 1928 iacit
1016 1867 1052 1928 ad
1083 1874 1147 1933 uni·

129 1973 230 2016 versas
257 1955 425 2016 inflationes
454 1953 600 2015 stomachi
627 1953 672 2014 vel
700 1956 893 2015 ventositates
925 1963 956 2016 et
988 1959 1086 2036 epatis
1119 1968 1148 2020 et

88 2057 115 2098 eo
128 2043 253 2124 splenis,
276 2042 366 2104 etad
389 2044 487 2104 omnia
510 2059 650 2121 magnum
673 2050 720 2102 est
743 2042 1001 2105 medicamentum.

201 2176 267 2231 asi
285 2194 308 2233 e.
380 2176 523 2231 aecriore
541 2193 564 2232 c.
637 2175 751 2230 deducis
769 2193 818 2247 pp,
842 2195 925 2234 -ces
943 2195 965 2234 c.
1038 2181 1145 2251 tpohi

128 2246 262 2318 creticip
281 2247 374 2318 (polus
389 2250 394 2316 Ι
410 2246 491 2303 retici
510 2249 547 2314 c):
562 2245 680 2328 ,polium
698 2246 834 2330 creticum
851 2265 877 2330 q.
968 2253 984 2304 5
1004 2253 1033 2306 ei
1051 2250 1144 2321 ipsam

128 2317 319 2374 decoctionem
336 2317 446 2373 ieiunus
471 2317 584 2388 potebas
601 2319 679 2400 pict
696 2333 788 2388 ipsam
806 2318 832 2374 d.
852 2319 947 2375 ieiuno
964 2321 1046 2390 potui
1064 2321 1144 2377 dahis

124 2389 173 2460 p),
203 2391 232 2444 ei
260 2388 291 2444 in
319 2389 382 2459 ipse
413 2388 577 2444 decoctione
603 2404 728 2442 neronum
755 2388 868 2458 potabis
898 2407 920 2446 c.
1047 2392 1144 2468 nepita

127 2459 234 2532 (nebitp
260 2459 301 2530 9⁰)
329 2461 422 2534 menie
452 2475 483 2530 9,
510 2458 606 2528 nepita
633 2460 728 2514 mente
755 2476 797 2530 cp.
924 2467 939 2515 i
967 2477 1057 2530 grana
1084 2481 1142 2534 pop.

127 2530 204 2586 XXX
223 2543 274 2601 cp:
338 2531 476 2601 epithima
492 2547 539 2601 pc,
558 2528 641 2598 eph'e
654 2545 685 2599 p.
759 2535 775 2585 8
793 2529 887 2601 ntegri
903 2547 953 2601 pp,
974 2531 1098 2604 filargiri
1115 2537 1142 2590 et

125 2600 227 2672 sulegni
251 2619 273 2659 c.
381 2602 552 2658 ocmsetieos
575 2601 676 2682 turmo
701 2601 781 2655 habet
806 2617 838 2672 p,
862 2602 995 2684 genitivos
1020 2621 1062 2687 cp.
1103 2607 1143 2662 sic

125 2674 265 2811 cuttu.
281 2667 961 2810 tandumdem
983 2676 1142 2813 <ruse

125 2813 227 2869 fistule.
254 2812 423 2868 Melilctum.
456 2811 622 2882 Foenigreci
635 2812 779 2894 pollinem.
802 2781 912 2869 ’Fasces
930 2761 1050 2884 gallicos
1069 2819 1141 2886 (itero

121 2901 153 2954 p,
171 2883 256 2966 lascis
275 2882 382 2965 celticis
401 2885 433 2952 c).
472 2881 574 2938 Semen
592 2883 665 2966 aph,
691 2883 856 2967 samsucum
873 2883 1011 2968 (deminui
1019 2903 1051 2957 p,
1073 2888 1140 2944 San-

124 2955 251 3081 unct
265 2953 1140 3100 multitutaaauualauet-,ure

124 3097 252 3166 (·-gutte
271 3098 310 3164 c),
334 3094 476 3151 armoniae
492 3095 576 3166 gutta
589 3112 621 3166 p.
713 3102 745 3151 le
764 3097 861 3164 uncias
879 3113 959 3154 aenas
976 3115 1007 3170 p:
1027 3097 1052 3167 ⁷,-
1074 3101 1140 3168 Vc,

123 3188 167 3239 aui.
186 3186 213 3250 -;-
231 3183 277 3239 VI.
296 3201 323 3253 p.
397 3200 477 3241 caere
495 3203 526 3256 p,
545 3175 578 3241 ὃὸ
592 3201 628 3253 pa
646 3199 697 3240 om.
716 3201 738 3240 c.
824 3185 1001 3240 nomnium
1020 3191 1141 3270 quatuor

124 3254 260 3322 (omnium
279 3253 366 3309 trium
384 3256 425 3311 sic
443 3258 467 3324 c)
485 3256 503 3310 l.
524 3275 544 3310 s.
562 3272 607 3327 pc:
631 3261 676 3310 eh.
695 3255 723 3309 l‘.
741 3254 763 3308 Ι.
778 3269 809 3324 p.
901 3261 934 3311 15
952 3256 1098 3314 radicibus
1115 3277 1139 3331 p,

123 3324 201 3380 redii
213 3341 236 3393 c,
249 3323 344 3380 radice
353 3343 384 3396 p.
450 3326 587 3382 inducunt
601 3343 656 3395 opo
676 3341 825 3396 anecemp
838 3326 921 3382 solue.
987 3333 1020 3383 17
1036 3329 1137 3385 oleum.

123 3395 501 3468 2.1119201ei3111.cp.
606 3414 638 3450 su
670 3395 710 3452 cit
728 3413 770 3465 cp.
872 3396 918 3452 Ad
938 3399 1137 3456 conterendum

122 3469 194 3536 pov:
209 3483 259 3522 om.
275 3483 297 3523 c.
379 3473 412 3523 18
427 3467 486 3524 sive
500 3484 565 3524 cum
579 3466 755 3538 oppopanice
769 3484 794 3524 c:
814 3467 873 3524 sive
887 3484 1082 3540 opopanacem
1094 3488 1136 3542 pp.
