2476 4012
422 228 663 294 -173-

50 379 89 434 est
109 372 224 446 Quam
245 391 300 454 per
323 392 357 436 os
380 373 572 442 ostendentes
590 392 661 438 cum
681 373 828 444 soluooue
852 379 996 458 corporis,
1018 384 1050 439 et

50 464 205 522 exurrectio
240 465 304 524 sine
336 464 452 532 ratione
486 469 516 525 ct
548 462 653 543 pulsus
684 462 862 547 inaequalis,
900 464 1049 545 aliquibus

49 566 110 610 vcro
136 559 166 618 ct
192 551 352 615 fastidium.
392 553 495 632 pueris
523 552 612 614 ctiam
640 550 856 622 dormientibus
884 555 1048 617 masticatio

50 637 165 700 elicitur
201 659 274 705 cum.
301 639 418 709 modica
455 638 571 720 linguae
609 640 789 709 exclusione.
840 641 1049 706 schematizato

50 728 127 786 edam
148 747 201 790 orc
222 731 333 811 iacent,
357 728 494 793 similiter
516 739 551 790 ut
573 728 619 792 illi
639 731 691 809 qui
713 738 781 809 post
802 731 922 800 nimiam
945 743 1076 810 opera-⁵

49 815 148 879 tionem
170 826 334 894 resumunt
379 827 410 883 et
431 827 499 898 post
522 818 664 882 diastema
689 821 833 898 temporis
855 818 1049 882 modicissimi

50 901 212 982 aliquotiens
231 926 300 978 cum
318 907 447 976 clamore
466 915 615 987 exurgunt
633 914 664 973 et
682 909 742 976 cuo
765 909 874 974 iterum
896 907 1049 988 deponun-

50 995 91 1050 tur
117 1001 145 1056 et
170 996 310 1066 dentibus
338 994 519 1065 dormientes
548 995 683 1065 strident
725 998 870 1076 contingit
899 1014 969 1060 vero
992 997 1049 1060 boc

51 1084 174 1156 quotiens
205 1087 270 1166 ipsa
297 1085 425 1149 violenta
457 1086 676 1150 insurrexerint
708 1085 852 1150 emmelis
897 1087 987 1150 etiam
1019 1093 1050 1147 et

51 1165 183 1248 aliquibus
211 1182 408 1246 occurrentes
433 1174 577 1239 ucuacbi
605 1175 726 1238 nausias
752 1182 785 1238 et
805 1192 923 1252 morsus
947 1189 1090 1238 causa-10

51 1256 149 1330 tionem
174 1263 298 1328 iaciunt.
338 1262 494 1343 aliquando
525 1271 556 1326 et
578 1265 762 1330 reiectantur
785 1263 976 1345 singulariter
998 1271 1050 1328 aut

51 1360 108 1410 cum
129 1349 224 1430 aliquo
247 1353 375 1417 humore
398 1352 564 1432 dogmatico
588 1359 640 1412 aut
663 1350 820 1414 cholerico.

126 1443 286 1506 curationis
315 1459 385 1504 vero
413 1451 548 1520 tempore
576 1442 704 1506 manime,
729 1441 760 1500 iu
788 1442 883 1502 acutis
906 1439 1050 1522 febribus,

51 1520 71 1580 si
95 1533 123 1586 et
148 1533 323 1600 constrictio
351 1531 443 1600 luerit
470 1531 597 1611 ventris,
631 1528 901 1609 cataplasmaudum
928 1548 965 1592 ex
996 1528 1051 1592 lini

52 1616 158 1681 seminis
175 1626 205 1679 et
223 1619 320 1700 lupini
339 1619 439 1684 iarius,
451 1621 516 1699 pani
530 1618 618 1683 modo
638 1620 805 1684 commixtis
824 1626 855 1680 et
872 1637 940 1682 cum
955 1618 1050 1680 mulsa
1064 1629 1090 1670 1⁵

52 1714 114 1776 aitta
144 1710 304 1777 concoctis.
350 1707 587 1789 cataplasmatis,
619 1707 684 1773 cleo
715 1707 844 1774 uiolaoeo
877 1707 1051 1772 umbilicum

52 1791 142 1869 unges
162 1805 192 1856 et
214 1795 298 1860 molli
321 1796 386 1860 lana
405 1799 522 1876 operies
547 1804 577 1860 et
600 1795 746 1860 iasciabis.
783 1803 813 1856 et
831 1805 900 1876 post
917 1796 1051 1876 expletos

53 1879 252 1958 cataplasmatis
281 1885 344 1946 dies
373 1887 519 1946 cerotario
549 1904 584 1945 ex
608 1881 755 1945 absinthio
779 1891 810 1944 et
832 1884 898 1956 olco
927 1887 1050 1964 cyprino

53 1968 171 2034 contecto
200 1980 338 2042 ventrem
365 1973 421 2036 sub
449 1972 624 2038 umbilicum
646 1990 743 2051 usque
765 1975 929 2052 cooperies.
972 1975 1051 2033 etsi

52 2063 141 2148 uenter
163 2060 356 2144 abstinuerit,
383 2063 414 2123 iu
441 2061 605 2127 intanohus
632 2059 745 2125 balanis
768 2062 887 2128 iniectis
910 2061 1051 2143 depones,
1065 2073 1092 2114 m

52 2151 76 2196 111
100 2144 160 2208 aliis
184 2169 258 2214 vero
285 2152 428 2233 perlectis
455 2158 550 2213 aetate
578 2149 705 2231 clystere
735 2169 771 2212 ex
800 2150 973 2214 decoctione
1001 2150 1050 2212 ab·

53 2225 141 2296 siutbii
166 2239 296 2302 admixto
324 2239 410 2301 melle
438 2239 576 2302 deduces.
619 2247 649 2302 et
678 2238 845 2319 potionabis
868 2240 1051 2321 frequenter,

114 2443 195 2519 {per
213 2464 244 2503 os
262 2463 313 2505 om.
333 2463 355 2502 c.
464 2445 669 2504 consurrectio
714 2443 885 2515 ,exurectio
904 2459 927 2498 c.
1034 2449 1050 2498 3

53 2498 242 2580 §tormentisne
261 2535 312 2577 om.
331 2534 353 2574 c.
426 2513 600 2574 masticatioc
619 2517 654 2583 cf.
698 2515 758 2589 ,4.
778 2517 796 2570 l.
815 2517 961 2584 o.1r.534.
1034 2518 1051 2568 5

52 2582 176 2640 mentem
190 2604 214 2654 c,
228 2591 307 2644 -tes
320 2605 348 2658 p.
413 2587 528 2664 quidem
542 2603 583 2656 ep,
647 2595 663 2642 6
678 2585 818 2643 diastema
831 2601 858 2640 o:
872 2583 1011 2638 dieatems
1020 2602 1051 2653 p.

54 2645 139 2704 lcum
152 2659 191 2696 '—
211 2660 250 2731 (9)
269 2660 397 2729 quotiens
415 2675 466 2716 om.
486 2674 508 2718 c.
571 2657 577 2664 '
594 2665 610 2714 9
630 2658 786 2714 etiamom.
806 2673 828 2712 c.
914 2671 939 2710 a.
959 2656 1053 2737 etuoc-

53 2725 180 2801 imputes
194 2746 225 2798 p.
313 2737 345 2786 11
365 2730 547 2796 reiectantc,
568 2729 738 2784 reimtentur
754 2729 818 2798 (sic)
835 2744 864 2800 p,
936 2730 978 2796 13,
988 2743 1006 2779 1.
1026 2742 1050 2808 c,

51 2779 164 2864 febribus
189 2801 267 2868 quod
284 2819 344 2858 esse
363 2801 443 2857 solet.
476 2800 500 2856 si
519 2802 549 2856 ct
567 2799 729 2858 constrictio
746 2816 780 2870 p,
803 2799 822 2856 i.
841 2816 865 2854 a.
885 2795 1009 2852 febribus
1029 2813 1052 2853 sa

52 2883 258 2962 “consueris
273 2907 294 2946 c.
365 2895 398 2944 to
413 2907 477 2944 cum
491 2889 670 2959 equsmulss
683 2905 714 2958 12.
787 2893 821 2942 to
838 2869 972 2942 umbilicb
987 2903 1052 2942 eon-

51 2939 135 3016 tan81³
148 2973 179 3025 12.
267 2968 299 3017 17
320 2960 411 3030 operis
430 2976 472 3029 ep.
559 2965 592 3016 18
612 2977 646 3014 ex
664 2977 691 3015 c:
710 2960 740 3014 et
752 2973 784 3029 p.
871 2964 904 3013 19
924 2956 1052 3013 confecto

52 3025 96 3073 ⁰7²2·
114 3038 135 3080 θ.
205 3035 304 3088 venter
322 3033 374 3088 sub
389 3031 522 3086 umbilico
535 3047 624 3102 usque
642 3029 770 3100 cooperis
787 3047 810 3098 o,
827 3030 956 3085 ventrem
969 3027 1054 3084 simul

52 3096 130 3156 us<lue
148 3099 199 3156 sub
218 3103 350 3163 umbilico
369 3102 460 3171 operis
475 3119 497 3172 p
520 3103 569 3170 (ac.
588 3101 691 3158 mediis
711 3100 840 3171 portibus
861 3099 933 3155 oter.
952 3100 1007 3154 clu.
1027 3104 1053 3165 4,

54 3155 98 3212 1²⁸
116 3170 181 3235 did·
264 3181 298 3232 20
316 3173 414 3258 iqom.
433 3190 475 3242 tq).
559 3172 670 3228 bolanis
684 3189 719 3241 p:
738 3187 788 3228 occ.
808 3187 830 3228 c.
910 3168 1011 3226 inectis
1030 3185 1056 3234 c,

51 3224 128 3294 ΪθΡῐΪΕ
142 3254 173 3306 p,
245 3246 361 3316 depoms
379 3261 420 3314 cp.
502 3250 535 3299 21
556 3243 662 3299 elisteri
680 3231 710 3300 cs
783 3259 818 3298 θΧ
834 3257 885 3298 ⁰⁹7²·
904 3257 948 3310 Ψ·
1019 3245 1053 3295 ²²

50 3291 161 3432 &QZ
179 3329 222 3439 pp.
330 3317 359 3370 et
380 3313 493 3386 potoub'
518 3315 679 3384 frequenter
700 3313 822 3370 maxime
838 3328 873 3404 9²
898 3315 927 3368 et
945 3314 1054 3382 poc-one
