2510 4020
486 239 705 302 ..11-

79 383 295 446 commiscchis
319 401 355 444 ex
378 383 493 463 aequali
515 382 602 444 modo
622 391 651 444 et
670 383 769 444 addito
788 383 874 443 malle
893 392 924 445 et
942 393 1025 446 aceto
1047 385 1102 447 lin·

13 475 14 518 1
82 473 165 535 teolo
189 473 345 533 inductum
368 490 507 553 apponas.
547 480 578 532 et
601 490 669 533 cum
691 471 801 533 videris
824 471 888 532 loca
911 472 987 534 bene
1010 475 1102 536 luisse

13 583 14 624 ;
79 563 243 642 desiccata,
262 563 408 622 cerotario
421 563 517 622 uteris
532 559 611 639 quod
625 561 765 621 conficies
780 562 831 620 sic.
856 560 982 640 sulphur
995 565 1103 645 vivum,

13 645 14 662 ³
80 651 174 712 bacas
201 652 293 730 lauri,
320 649 443 710 herbam
472 650 627 730 perdicion
655 649 686 709 id
710 659 757 709 est
777 651 979 731 parietariam,
1005 653 1103 712 omnia

82 739 259 819 singillatim
286 746 367 800 teres
393 741 435 798 ita
462 746 496 800 ut
519 738 671 818 sulphuris
698 738 860 818 plurimum
885 741 993 800 mittas.
1030 747 1128 800 tunes

82 845 186 889 ceram
216 845 285 888 cum
313 827 379 888 oleo
406 829 536 907 myrtino
563 827 724 888 sufficienti
750 827 881 888 resolves
909 835 1031 889 etcum
1058 831 1103 889 in·

81 917 270 996 frigidaverit
292 915 378 976 rades
398 924 429 977 et
447 934 536 996 supra
559 917 653 977 dictas
677 918 792 995 species
815 914 992 978 admiscebis
1011 927 1041 978 et
1058 920 1102 978 in-

82 1005 210 1066 ductum
237 1021 377 1084 appones.
418 1006 507 1066 ctiam
534 1013 565 1066 et
602 1007 634 1065 in
661 1004 776 1066 lavacro
805 1013 894 1084 caput
923 1025 960 1068 ex
992 1025 1102 1086 sapone

82 1093 207 1155 fricabis
230 1095 262 1154 in
287 1110 345 1171 quo
367 1095 452 1172 prius
475 1094 567 1154 fuerit
585 1093 711 1173 sulphur
729 1093 899 1154 admixtum.
932 1104 962 1156 et
980 1097 1006 1155 si
1025 1096 1102 1156 forte

82 1185 189 1242 conosi
213 1181 310 1261 capilli
339 1182 451 1242 fuerint
474 1185 550 1263 usti,
577 1183 751 1261 frequenter
778 1181 902 1261 psilotro
931 1183 1102 1246 emendabis
1117 1196 1143 1235 1⁰

13 1349 14 1356 ἵ
83 1278 184 1350 caput.

411 1412 461 1474 lll.
497 1412 545 1473 hd
568 1405 765 1492 pediculos

176 1537 211 1596 ln
226 1536 402 1597 cachecticis
416 1535 593 1616 corporibus
606 1534 637 1596 id
651 1544 697 1597 est
711 1535 787 1596 mala
800 1534 974 1598 habitudine
988 1539 1101 1600 allectis

82 1625 258 1706 pediculosa
275 1626 373 1704 passio
397 1631 557 1703 generatur
580 1643 669 1704 quam
687 1623 793 1686 Graeci
810 1625 968 1705 pthiriasin
986 1637 1101 1688 vocant.

111 1754 113 1757 v
175 1714 336 1775 curationis
370 1720 470 1774 autem
501 1721 636 1792 tempore
668 1713 720 1774 tali
751 1714 965 1775 medicamento
998 1719 1142 1798 uteris,1⁵

13 1835 14 1842 1
82 1804 141 1864 hoc
157 1810 204 1863 est
225 1801 436 1880 staphisagriae
455 1809 555 1881 partes
574 1801 656 1883 duas,
675 1801 851 1862 sandaracae
871 1811 902 1862 et
915 1805 987 1864 nitri
1000 1812 1101 1883 partes

13 1895 15 1916 ³
83 1891 217 1971 singulas
241 1907 309 1951 cum
333 1898 416 1951 aceto
440 1899 471 1951 et
493 1889 558 1950 oleo
584 1889 742 1969 diligenter
764 1898 845 1950 teres
869 1898 899 1950 et
922 1900 1011 1970 caput
1033 1911 1100 1972 per·

13 1975 14 2036 ξ
82 1997 214 2061 ungues,
246 1978 299 2039 sed
331 1986 449 2058 oportet
480 1984 566 2038 antea
598 1996 673 2057 aqua
705 1977 798 2039 calida
829 1977 906 2038 salsa
941 1978 1037 2042 lavare
1071 1989 1101 2042 et

13 2063 14 2096 ³
81 2070 241 2147 detergere
265 2075 296 2128 et
318 2069 361 2128 sic
385 2059 552 2149 unguerel

262 2225 326 2286 llll.
362 2226 410 2286 Ad
434 2225 646 2306 capillorum
669 2226 922 2288 defluxionem.
1111 2239 1190 2292 ana

172 2351 307 2412 Delluxio
340 2350 513 2430 capillorum
542 2353 687 2430 contingit
713 2369 750 2412 ex
781 2349 932 2412 debilitate
965 2354 1100 2431 corporis

159 2565 173 2611 1
199 2557 361 2612 commisces
385 2572 432 2628 pc,
455 2555 587 2610 miscebis
605 2572 637 2625 p.
711 2572 745 2610 ex
759 2595 765 2609 .
781 2596 787 2608 .
804 2596 810 2610 .
825 2554 930 2625 (modo)
955 2557 984 2610 et
1003 2571 1054 2610 om.
1074 2572 1105 2625 p.

85 2636 101 2683 2
120 2627 209 2684 fuisse
226 2646 272 2700 pc:
291 2644 342 2683 om.
358 2645 387 2697 p.
462 2633 478 2682 3
497 2625 666 2681 cerobarium
683 2645 701 2699 p
716 2625 804 2696 (—·rio
820 2630 876 2695 pc).
959 2625 1070 2681 conficis
1088 2644 1106 2699 p

86 2699 189 2768 (-csis
203 2704 247 2769 Ρ),
267 2699 375 2754 -citur
393 2716 415 2752 c.
488 2704 506 2752 4
524 2699 625 2753 baccas
642 2714 675 2768 pc
697 2697 793 2765 (bacas
807 2698 850 2768 p).
922 2704 940 2751 4
959 2698 1106 2766 περδίκιον

86 2771 196 2826 adbibit
214 2770 340 2826 Soranus
363 2769 438 2838 (Gal.
461 2769 527 2834 XII,
552 2773 624 2838 494).
714 2768 744 2822 id
773 2771 817 2823 est
839 2767 974 2838 petitoria
996 2769 1055 2838 (sic)
1074 2786 1105 2839 p:

86 2858 136 2896 om.
161 2858 206 2910 pc.
316 2841 411 2896 omnia
437 2856 487 2896 om.
511 2857 542 2909 p.
651 2845 667 2894 1
694 2839 860 2910 singillatim
885 2857 916 2910 p:
942 2839 1105 2909 singulatim

86 2911 215 2981 (sigl'cti)
230 2928 276 2981 pc.
350 2911 521 2968 ladmisces
539 2927 599 2981 ppc.
680 2909 803 2966 8etiam
817 2913 847 2966 et
859 2927 904 2981 pc:
925 2913 954 2965 et
966 2928 998 2980 p.
1089 2916 1105 2964 9

78 2982 204 3052 ¹frigebis
217 3001 249 3053 p.
331 2988 363 3038 1ο
382 2981 523 3052 frequenti
536 2997 583 3050 pc.
667 2987 699 3035 11
719 2983 805 3050 caput
822 2999 853 3052 p:
873 2997 923 3036 orn.
941 2998 984 3051 pc.
1072 2986 1104 3034 13

88 3053 235 3109 cacecticis
257 3072 288 3125 9:
316 3053 444 3109 cateticis
463 3069 498 3122 p,
523 3050 683 3108 cactcciicis
706 3069 729 3107 c.
820 3057 854 3105 14
881 3052 1052 3122 peduculosa
1078 3068 1104 3123 p.

87 3125 189 3214 py'lsin
206 3160 225 3213 p
244 3143 279 3210 (ri
296 3158 385 3211 surpra
402 3144 451 3212 9⁰),
469 3140 582 3210 ptiriasi
598 3158 631 3211 p,
649 3141 756 3208 piinaai
775 3157 797 3195 c.
889 3145 922 3194 11
942 3140 1049 3195 curatio
1067 3145 1107 3194 cst

87 3214 252 3284 Archipeuis
274 3231 320 3283 op.
340 3212 403 3268 Gal.
422 3212 487 3280 XII,
511 3218 562 3268 463
583 3237 617 3258 ==
636 3212 714 3277 XIV,
738 3217 798 3266 323.
898 3215 930 3264 16
954 3211 1105 3264 sandaraca

87 3303 119 3356 pc
142 3288 221 3354 (—ca
241 3285 283 3354 p).
391 3284 536 3354 nitrump
565 3283 643 3352 (nitri
661 3284 718 3351 pc).
828 3288 860 3336 17
884 3281 952 3336 teris
974 3297 1026 3351 ppo
1049 3281 1106 3348 (sed

88 3371 246 3426 perungues
264 3373 290 3426 9,
310 3372 394 3425 -ges
409 3355 465 3424 pc).
540 3359 573 3407 18
593 3355 736 3423 scoporlet
753 3358 817 3407 ante
835 3369 904 3414 corr.
923 3369 948 3422 ρ.
1031 3350 1105 3404 salsa

89 3429 175 3497 caput
192 3427 290 3482 lavere
308 3443 330 3482 c.
405 3431 438 3479 19
456 3441 580 3494 unguere
598 3442 628 3495 pe
648 3439 750 3493 -gare
764 3440 810 3492 pc.
883 3429 918 3478 20
936 3422 980 3480 Ad
1000 3420 1105 3474 fluxum

91 3498 256 3569 capillorum
269 3514 301 3567 p.
409 3502 444 3549 21
464 3494 659 3551 debilitatione
677 3511 699 3548 c.
