2510 4020
197 649 380 710 Medicorum
403 647 578 710 Latinorum
605 649 658 727 qui
685 654 848 725 supersunt
876 653 971 706 aetate
1000 648 1124 706 norissi-

112 757 175 802 mus
198 738 382 817 ultimusque
406 737 485 798 idem
509 738 561 817 qui
583 738 662 816 typis
688 738 853 814 impressus
877 735 1017 796 oblivioni
1045 735 1124 795 latis-

112 846 166 908 que
190 829 329 905 eripitur,
353 845 432 886 nunc
451 829 582 905 primum
605 824 706 904 prodit
728 825 877 885 Cassius
900 823 1014 904 Felix,
1038 826 1125 885 cuius

31 911 33 918 '
112 917 272 978 Medicinae
295 933 350 996 „cx
375 918 489 994 graecis
507 915 618 993 logicae
638 922 736 975 sectae
761 909 953 974 auctoribus“
976 907 1022 997 (et
1041 931 1125 993 prae-

112 1008 196 1086 cipue
212 1004 329 1066 'Galeno
357 1037 394 1047 -
420 1003 478 1065 vid.
506 1003 566 1064 ind,
595 996 684 1086 ient.)
708 1004 911 1082 conscriptum
942 1002 988 1062 rel
1011 1009 1125 1082 „trans-

112 1089 220 1155 latum“
242 1093 460 1172 breviloquium
485 1093 598 1154 editum
619 1092 690 1172 luit,
715 1094 793 1153 sieut
815 1092 927 1152 codicis
948 1091 1125 1152 Parisiensis

111 1190 236 1244 testetur
265 1184 434 1264 inscriptio,
460 1181 535 1262 „suh
566 1180 690 1242 erdebre
719 1189 749 1241 et
777 1181 905 1260 asclepio
935 1175 1128 1242 11111111111111α
1251 1257 1252 1266 ¹

112 1275 129 1332 i.
161 1290 186 1332 e.
216 1271 335 1350 Calepio
363 1278 393 1331 et
420 1270 567 1332 Artabure
595 1264 790 1354 (Mommsen,
824 1269 937 1331 Zeitzer
967 1268 1126 1331 Ostertaiel

111 1379 136 1421 1.
158 1361 183 1420 J.
207 1353 271 1421 447
300 1359 377 1420 Berl,
401 1357 492 1420 Akad.
523 1355 608 1420 1863
636 1377 664 1438 p.
689 1352 770 1442 551)
798 1377 876 1419 anno
903 1355 977 1420 447.
1022 1366 1127 1419 auctor

111 1449 233 1510 Latinus
264 1456 309 1508 est
339 1441 428 1532 („nos
456 1465 527 1509 vero
555 1447 646 1508 latino
675 1443 832 1508 sermone“
861 1465 886 1508 c.
915 1443 958 1509 25
987 1455 1043 1507 etc.
1090 1447 1126 1507 cl.

110 1537 169 1598 ind.
188 1530 260 1620 gr),
284 1553 344 1597 non
367 1537 511 1617 Graecus,
535 1531 706 1616 nequeulli
725 1555 828 1597 eorum
849 1538 901 1616 qui
920 1536 1000 1597 idem
1018 1554 1127 1596 nomen

111 1634 219 1709 gerunt
247 1619 299 1709 (de
323 1625 433 1686 Cassiis
460 1625 585 1686 medicis
608 1645 633 1686 v.
663 1625 778 1686 Fabric.
806 1625 880 1686 llibl.
905 1625 955 1686 Gr.
981 1623 1034 1704 ill,
1062 1622 1127 1686 322

111 1708 205 1798 llari.)
229 1714 379 1793 putandus
403 1714 496 1794 idem,
526 1716 622 1793 patria
645 1715 766 1794 quidem
790 1709 937 1794 incertus,
962 1714 1078 1775 scilicet
1102 1715 1128 1774 si

111 1805 224 1864 recenti
239 1801 350 1864 codicis
365 1803 542 1864 Parisicnsls
558 1806 698 1882 scriptori
708 1804 782 1865 fides
791 1797 1129 1886 „Artensls“(Aston-

111 1889 174 1953 sls‘?
212 1887 380 1954 Cirtensis?
420 1909 488 1953 nam
518 1911 573 1974 pro
604 1893 760 1953 Ambracia
790 1894 912 1971 antiqua
942 1892 1060 1975 quando
1091 1891 1127 1952 ab

111 1981 234 2042 Arattho
253 1980 300 2040 vel
318 1981 467 2042 Arachtho
487 1979 577 2041 lluvio
596 1980 739 2060 appellata
765 1982 803 2041 sit
822 1981 893 2042 Arta
915 2011 953 2023 -·
975 1979 1011 2042 cl,
1031 1979 1127 2041 lealre

111 2069 195 2130 Trav.
214 2072 246 2128 in
265 2068 298 2129 ii.
317 2069 367 2130 Gr.
387 2065 558 2150 1208-
578 2087 638 2130 non
658 2063 803 2153 constat),
830 2070 881 2130 sed
902 2077 997 2131 aetate
1017 2087 1129 2148 suppar

111 2157 268 2219 Theodoro
296 2157 449 2219 Prisciano
475 2153 701 2242 „Vindicloni*)
734 2154 817 2219 Airi“
849 2158 1008 2241 discipulo,
1042 2161 1128 2219 cuius

26 2269 29 2274 ·
112 2249 156 2307 uti
175 2247 281 2308 Graeci
299 2246 430 2326 aequalis
449 2247 591 2327 Philagrli
609 2241 775 2333 (Epirotae,
794 2247 830 2308 ci.
850 2247 882 2308 E.
900 2247 1002 2309 Rhode
1022 2247 1128 2308 Rhcin.

111 2334 185 2396 llus.
214 2334 247 2395 N.
267 2333 298 2395 F.
328 2333 385 2416 32,
408 2329 491 2420 336)
518 2336 606 2416 paulo
636 2339 757 2398 maioris
788 2339 996 2398 tauctoritatem
1028 2337 1128 2416 infert,

111 2425 238 2484 fortasse
260 2419 368 2504 „Aler“
390 2433 420 2486 et
443 2427 521 2506 lpse,
549 2433 653 2504 utpote
677 2428 730 2505 qui
752 2427 825 2486 citet
850 2425 973 2486 herbam
995 2426 1128 2505 putidam

108 2531 219 2596 „quam
237 2511 348 2574 Punice
368 2514 482 2575 aturbis
504 2509 627 2574 oneret
650 2507 690 2597 (c.
710 2511 766 2593 20,
791 2515 828 2574 el.
849 2513 908 2574 ind.
928 2513 976 2574 lat.
997 2533 1019 2574 s.
1039 2516 1128 2573 corti-

109 2619 214 2681 nones,
238 2595 359 2685 gelela),
384 2602 551 2664 simillimus
576 2602 695 2662 dicendi
718 2619 827 2681 genere
849 2601 947 2662 Caelio
968 2601 1128 2662 Aureliano

109 2691 247 2752 eiusdem
270 2690 381 2752 saeculi
405 2693 502 2772 quinti
525 2691 640 2752 medico
665 2690 807 2753 Siccensi.

201 2775 302 2840 Utitur
325 2780 446 2859 quidem
468 2779 597 2860 Cassius,
622 2799 657 2839 ex
681 2779 784 2841 Galeni
807 2779 901 2860 libris,
925 2779 1128 2841 celeberrimis

109 2870 273 2947 praecipue
295 2867 354 2928 illis
376 2870 432 2950 „ed
451 2864 662 2949 Glauconem“,
687 2869 739 2930 sed
763 2877 796 2929 ut
817 2869 929 2930 indicat
948 2869 1128 2948 praelation-

108 2956 178 3016 cula
201 2959 291 3018 etiam
314 2956 380 3018 lalsi
403 2957 506 3018 Galerii
524 2959 643 3018 novisse
662 2957 781 3019 ridetur
804 2957 986 3037 Euporiston
1009 2956 1128 3037 librum,

107 3047 165 3123 qui
188 3064 281 3124 quum
304 3048 467 3124 genuinum
486 3045 590 3106 Galeni
611 3064 687 3125 opus
711 3039 806 3132 (quod
826 3048 898 3108 citat
916 3049 980 3125 ipse
1000 3044 1137 3106 Galenus·

108 3129 152 3213 X,
176 3128 259 3218 955)
286 3134 508 3196 desideraretur
535 3136 594 3194 iam
623 3135 661 3195 ab
684 3133 821 3196 Oribesio
849 3138 880 3199 in
907 3137 1003 3214 ipsius
1031 3133 1129 3213 liupo-

107 3223 208 3283 riston
227 3223 410 3304 praelatione
429 3217 526 3307 (Orib.
545 3221 582 3306 V,
606 3219 671 3284 559
691 3217 787 3308 Dar),
811 3223 867 3283 sub
887 3222 989 3286 Galeni
1010 3226 1129 3284 nomine

106 3311 211 3377 editus
231 3312 287 3375 ruit
305 3311 436 3378 Oribasii
454 3330 543 3378 causa
561 3320 631 3390 post
644 3311 816 3380 Oribasium
835 3305 880 3395 (et
899 3315 1004 3378 mortis
1022 3311 1131 3376 Iuliani

108 3434 328 3450 w—-w-v—-o

185 3483 211 3552 *)
231 3445 266 3538 ee
285 3445 341 3552 qao
360 3483 394 3538 er.
414 3483 518 3540 ancer.
533 3482 573 3552 11,
594 3488 654 3540 111.
687 3483 804 3538 normes
818 3483 897 3549 vm,
915 3487 959 3537 m.
