2452 4014
455 248 675 312 -87-

70 394 180 473 quando
203 393 368 455 secundom
386 392 611 472 osculationem,
635 411 724 473 quam
743 393 847 455 Graeci
871 397 1071 456 anastomosiu

68 491 177 564 vocant,
200 482 346 562 siquidem
369 482 571 562 perforatione
594 482 671 543 lacta
693 482 785 544 veluti
808 501 845 548 eu
867 483 981 544 orificio
1004 501 1071 544 san-

68 574 182 650 guinem
213 573 360 652 emittant,
397 570 554 651 aliquando
591 570 760 634 secuudum
793 571 992 652 putredinem.
1040 580 1072 634 et

67 662 206 741 confingit
228 660 415 740 frequentius
439 677 475 721 ex
501 677 648 740 percussu
671 669 722 722 aut
744 661 835 722 nimia
858 659 1070 722 exclamatione

69 756 114 810 aut
146 750 287 828 ingentis.
306 748 471 810 altitudinis
503 767 574 812 casu
606 756 657 810 aut
692 748 874 811 ulceratione
912 749 988 811 iacta
1020 757 1098 810 auto

17 829 19 838 '
64 837 247 918 animatione
264 839 395 917 gutturis
412 837 558 900 violenter
575 839 691 917 ingesta
709 845 760 900 aut
779 839 868 899 nimia
886 837 1070 918 plenitudine

66 943 217 1006 sauguinis,
248 975 250 982 ,

147 1017 310 1077 curationis
338 1031 408 1075 vero
435 1022 569 1094 tempore
593 1017 619 1076 si
641 1033 678 1076 ex
705 1014 890 1094 plenitudine
918 1016 1071 1096 sanguinis

67 1121 132 1164 vena
161 1104 253 1165 luerit
275 1111 376 1184 rupta,
405 1112 435 1165 et
457 1106 522 1183 ipsa
544 1106 596 1183 qui
618 1105 731 1184 patitur
753 1111 889 1166 naturam
912 1105 974 1166 sive
997 1111 1070 1164 tem·

66 1195 223 1271 potentiam
241 1192 392 1273 emporis,
414 1209 503 1271 quam
521 1191 627 1253 Graeci
645 1194 744 1254 crasin
763 1191 923 1273 appellant,
947 1191 1071 1253 calidam
1085 1207 1112 1247 ιο

67 1279 203 1363 babuerit,
227 1297 316 1360 quam
339 1279 495 1342 Galenus
517 1279 601 1342 libris
624 1283 689 1361 peri
707 1298 832 1342 crascon
855 1280 1017 1360 appellatis,
1039 1283 1071 1340 iu

65 1368 166 1446 quibus
185 1369 222 1430 de
246 1370 440 1448 temperantia
459 1371 594 1449 corporis
613 1368 731 1450 scribit,
753 1369 810 1430 boc
829 1368 917 1429 modo
939 1367 1072 1447 intellegi

66 1455 167 1520 locuit.
210 1459 252 1519 ait
278 1459 359 1518 enirn
386 1475 422 1518 ex
449 1457 638 1538 Hippocratis
666 1459 814 1519 sententia
841 1475 967 1537 corpora
995 1475 1070 1536 quae

67 1548 200 1608 vastiores
223 1561 313 1608 venas
341 1544 500 1608 habuerint
521 1544 670 1607 calidioris
693 1563 759 1608 esse
782 1554 906 1608 naturae
935 1554 965 1608 et
994 1541 1095 1625 quae*

17 1715 20 1720 Ι
67 1637 246 1713 angustiores
276 1633 446 1712 frigidioris.
498 1652 569 1714 ergo
606 1634 734 1696 calidum
770 1653 880 1715 corpus
917 1637 943 1696 si
979 1636 1071 1714 siguis
1086 1648 1113 1688 1⁵

66 1725 343 1802 supramemoratis
366 1731 505 1802 aegrotus
532 1723 710 1798 ostenderit,
741 1725 772 1784 in
799 1722 920 1785 brachio
948 1722 1071 1784 llebcto-

67 1813 184 1875 mandus
210 1813 278 1874 erit.
320 1813 363 1872 sic
391 1814 470 1872 enim
498 1813 609 1892 poterit
636 1829 711 1872 vena
734 1814 921 1873 extrinsecus
944 1812 1072 1872 relevata

65 1899 196 1962 adhibitis
240 1898 412 1980 potionibus
453 1900 597 1962 collaticis
639 1902 822 1961 intrinsecus
865 1901 1072 1980 conglutinari.

66 1989 384 2068 apponendum'ctiam
411 1997 442 2050 et
468 1988 516 2050 dia
542 1991 623 2051 ileon
652 1988 843 2068 emplastrum
872 1995 923 2050 aut
952 1988 1071 2050 linicine

67 2075 182 2139 Galeri
210 2095 300 2157 quam
327 2077 375 2138 dia
398 2076 557 2139 chalciteos
584 2077 671 2158 dicit,
698 2086 749 2139 aut
773 2085 854 2139 certe
883 2077 932 2139 illa
955 2096 1031 2158 quae
1054 2093 1113 2139 aaa

66 2161 178 2228 Graecis
197 2164 358 2227 eberbaros
378 2165 542 2246 appellatur
566 2168 596 2227 in
619 2165 734 2228 derebus
753 2166 841 2228 alutis
859 2166 990 2248 inducta,
1013 2185 1072 2228 una

65 2255 92 2313 iu
119 2263 240 2334 pectore
264 2263 298 2336 et
322 2254 464 2316 lateribus
488 2263 518 2316 et
548 2255 639 2317 altera
662 2274 680 2317 a
708 2263 792 2336 tergo
820 2257 899 2317 inter
927 2256 1073 2337 scapulas,
1150 2306 1154 2313 ,

66 2342 138 2420 quod
156 2343 343 2405 metairenon
366 2343 478 2404 dicunt.
514 2343 622 2405 debinc
641 2344 836 2406 relectionem
859 2343 942 2406 dabis
964 2363 1072 2422 panem

65 2447 147 2507 posca
169 2429 277 2511 frigida
298 2431 439 2493 infusum.
486 2439 537 2493 aut
560 2449 678 2512 oryzam
702 2431 836 2493 elixatam
863 2449 930 2493 cum
954 2432 1072 2493 modico

131 2573 144 2619 1
160 2566 363 2622 osculationem
377 2582 407 2636 p:
423 2565 644 2622 obsculationem
653 2585 686 2636 p,
699 2565 900 2621 ulcerationem
914 2582 937 2622 o.
1005 2583 1072 2623 aua·

66 2636 191 2692 elomasin
210 2653 271 2708 pop.
361 2639 427 2693 aet
444 2637 585 2708 contingit
602 2643 650 2694 etc.
683 2637 718 2705 cs.
733 2636 796 2692 Gal.
821 2636 895 2703 VII,
914 2641 982 2694 232.
1055 2645 1073 2692 4

65 2722 189 2772 mm
207 2724 252 2780 ⁹⁶²
273 2724 439 2835 ‘wilia
454 2796 484 2836 a
509 2709 771 2836 e1l⁸lll⁹b¹¹ll
794 2707 1045 2836 “liiii-lile

65 2783 261 2906 llloecelldlgles
281 2865 305 2906 e.
324 2852 431 2914 naturae
448 2867 467 2920 9
485 2821 637 2920 lcalidloris
656 2867 679 2906 e.
698 2796 799 2906 altura
816 2797 890 2920 piyp
949 2857 982 2906 15
1001 2797 1030 2906 al
1041 2798 1073 2923 ἴ

65 2917 105 2999 bic
122 2937 171 2976 oon.
191 2937 225 2991 cp
244 2921 331 2992 (Ergo
353 2921 378 2976 si
396 2921 519 2976 calidum
537 2926 584 2993 alc.
598 2939 634 2993 p,
653 2921 727 2992 Ergo
747 2919 871 2976 calidum
943 2924 1074 2994 egrotum

65 3004 86 3041 u
102 3009 129 3046 se
147 2994 200 3048 ost.
220 2993 254 3062 o).
356 2998 388 3048 tr
407 2992 534 3048 relevata
551 3009 598 3063 epo
615 2994 663 3061 (ef.
683 2993 746 3049 Gal.
767 2993 805 3062 X,
825 2996 888 3048 314.
907 2998 970 3075 316.
989 2998 1073 3062 328):

66 3081 168 3148 repleta
189 3099 249 3152 pap.
360 3085 393 3134 18
417 3079 580 3136 collecticiis
601 3098 634 3151 p,
659 3081 760 3138 —tivia
783 3096 809 3150 o,
832 3065 938 3151 -tfqffl'
957 3083 1019 3150 (εἰς)
1038 3089 1075 3151 Po

67 3150 93 3232 (i.
111 3168 131 3206 e.
145 3154 345 3236 μολιητικαῖς).
383 3151 525 3235 cfi'iaafrc.
635 3158 668 3207 19
687 3152 833 3236 dieitbeon
849 3169 869 3240 p
886 3153 1032 3221 (diatheon
1050 3170 1073 3222 e,

67 3219 221 3280 drachrleon
235 3225 276 3294 p).
383 3224 542 3296 simeonem)
560 3225 633 3292 ρῳ),
657 3223 783 3279 lemcene
804 3240 819 3278 c
842 3225 889 3348 (lv
911 3223 1075 3294 pervasione

68 3285 190 3364 ὀνομάζω
211 3295 273 3351 Gal.
293 3295 401 3362 XIII,
419 3297 482 3350 375.
515 3294 551 3360 cf.
568 3295 611 3362 X,
625 3295 700 3364 405).
800 3300 835 3348 20
874 3294 903 3348 ia
921 3293 1074 3350 colcilheos

67 3366 199 3431 ol-boos
209 3383 240 3435 p,
259 3365 413 3422 diacbileos
428 3368 461 3434 c).
533 3370 567 3420 21
582 3365 731 3421 eberbaroa
747 3381 773 3435 p,
792 3365 941 3420 eberborea
955 3380 978 3434 c,
993 3381 1009 3429 z
1023 3365 1074 3434 (ei)

67 3431 238 3578 rerer
263 3431 292 3506 (ἡ
318 3433 609 3562 literram
626 3435 733 3576 att
842 3438 916 3504 r>
1038 3440 1075 3488 ²³
