2452 4014
525 207 770 274 -164-

138 355 288 434 doluerint
320 362 350 418 et
383 361 470 437 sputa
503 353 728 437 sanguinolenta
756 355 920 419 emiserint,
965 354 1015 436 dia
1041 355 1143 434 cedron

138 443 333 522 electuarium
360 437 532 524 vespertino
560 450 695 524 tempore
728 441 821 528 dabis
866 437 957 508 hebet
988 447 1067 520 enim
1096 444 1144 506 rir-

138 541 233 618 tutem
256 531 379 618 tollendi
401 529 576 612 pleureticis
600 519 738 608 dolorem
757 539 787 592 et
806 550 944 616 somnum
966 531 1144 616 provocandi,

141 612 349 708 quod'Graeei
372 618 529 702 anodynon
551 621 702 702 ypnopion
725 619 837 689 meunt.

114 792 126 831 ⁵
323 779 434 877 LXVII
470 779 522 844 dd,
543 781 643 876 canis
667 779 785 841 rabidi
808 798 971 874 morsum.

229 905 262 966 ln
299 907 417 985 primis,
453 904 511 975 hoc
547 913 594 966 est
622 906 654 972 in
685 907 852 986 praesenti,
889 923 1023 972 morsum
1059 910 1144 988 ipsum
1199 979 1203 990 .

139 993 308 1066 medicinali
337 993 476 1074 scalpello
503 996 619 1055 circum
649 992 764 1064 incides
798 1002 1003 1074 competenter
1035 1004 1068 1061 et
1095 996 1145 1058 sale

141 1085 269 1144 contrito
298 1100 438 1162 asperges
475 1090 508 1151 et,
533 1083 727 1163 sanguisugas
755 1091 785 1144 et
813 1081 985 1150 cucurbitas
1018 1104 1146 1167 appones

140 1171 294 1244 attrabunt
311 1173 391 1242 enim
406 1189 557 1234 venenum
576 1173 713 1250 sanguini
731 1173 814 1234 canis
832 1175 1036 1237 commixtum.
1069 1177 1147 1238 etiarn

100 1273 127 1312 10
141 1269 171 1322 et
194 1268 314 1322 cautere
338 1259 447 1330 vulnus
469 1262 585 1342 instes,
614 1278 672 1340 qun
701 1262 798 1340 possit
820 1263 1049 1342 supradictum
1070 1282 1147 1328 vene·

139 1367 213 1419 num
240 1368 309 1411 cum
336 1367 434 1432 scara,
462 1367 550 1429 quam
577 1367 632 1413 nos
660 1357 792 1416 crustam
819 1349 963 1431 dicimus,
988 1355 1021 1416 in
1054 1355 1149 1418 eodem

140 1438 205 1500 loco
224 1440 362 1520 retineri,
385 1457 423 1504 ne
450 1440 624 1518 sanguinem
646 1439 856 1518 persequendo
879 1459 977 1521 usque
1000 1443 1038 1504 ad
1061 1444 1149 1506 vitalia

140 1545 228 1600 omne
252 1546 362 1607 corpus
385 1523 515 1592 invadat
557 1534 587 1588 et
614 1529 679 1608 ipsa
701 1526 826 1592 vulnera
852 1532 1039 1612 appositione
1067 1533 1148 1596 medi·

140 1623 346 1692 camentorum
369 1617 518 1677 acriorum
541 1615 634 1680 multo
663 1605 808 1696 tempore?
827 1618 973 1702 servabis,
1002 1622 1149 1702 usquead

101 1719 127 1759 1⁵
140 1703 191 1764 XL
218 1705 298 1765 diem
324 1704 371 1764 vel
399 1721 435 1764 eo
463 1704 597 1784 amplius.
638 1713 794 1785 praeterea
819 1708 910 1786 piscis
939 1709 1010 1771 salsi
1038 1729 1150 1773 carnem

139 1795 242 1864 tritam
264 1792 380 1857 vulneri
403 1811 544 1872 appones.

230 1882 479 1948 medicamentum
511 1882 600 1946 aliud.
645 1901 738 1946 nuces
771 1882 929 1948 combures
962 1894 993 1947 et
1026 1907 1063 1950 ex
1092 1890 1149 1968 ipsa

140 1970 324 2032 tasiliacum
348 1978 432 2031 aceto
451 1970 690 2052 cataplasmabis,
714 1981 744 2034 et
765 1972 895 2053 desuper
918 1978 1044 2054 spongia
1066 1977 1148 2038 madi·

140 2058 208 2120 data
231 2061 349 2140 operies
373 2066 403 2120 et
425 2059 601 2120 fasciolabis.
638 2068 668 2121 et
687 2079 703 2120 a
721 2063 790 2126 vino
809 2069 839 2123 et
858 2061 997 2125 omnibus
1016 2065 1148 2127 carnibus

100 2162 127 2202 so
141 2154 173 2208 et
203 2145 403 2226 leguminibus
435 2155 590 2226 aegrotum
621 2147 792 2213 abstinebis.
837 2169 960 2230 poscam
987 2171 1059 2215 vero
1087 2153 1148 2216 sub·

141 2253 239 2299 acram
258 2236 374 2296 diurnis
393 2233 498 2298 diebus
516 2254 572 2316 per
590 2237 653 2298 dies
672 2256 798 2300 numero
818 2237 868 2300 XL
886 2238 1047 2304 bibendam
1065 2241 1149 2325 dabis,

212 2449 227 2497 1
246 2442 328 2498 dinco
347 2441 486 2499 diomelne
505 2459 532 2512 c,
556 2442 706 2500 diacodion
724 2444 799 2500 elect
812 2461 843 2514 p.
916 2448 1111 2518 spleureticis
1128 2465 1148 2514 e,

139 2512 275 2584 pleuresis
289 2529 320 2583 p.
411 2514 550 2570 denodir‘r
570 2514 669 2585 ceipon
687 2532 713 2584 c,
739 2516 880 2573 snodinon
899 2523 1022 2587 cepnson
1036 2537 1067 2590 p.
1133 2525 1147 2574 5

139 2584 185 2639 Ad
202 2583 293 2640 tabidi
309 2585 373 2654 (sic)
392 2585 468 2642 cenis
485 2603 612 2641 morsum
630 2602 657 2641 c:
676 2603 732 2657 pro
754 2589 796 2643 tir.
820 2588 852 2643 in
875 2593 952 2644 tectas
969 2589 1147 2646 Medicamen-

138 2658 201 2710 tum
219 2657 291 2726 Ipp,
313 2656 345 2710 in
362 2673 448 2726 moro.
468 2663 503 2726 ρο
525 2656 560 2712 de
583 2674 678 2713 morsu
706 2657 782 2713 cenis
806 2659 910 2715 rabiosi
934 2661 989 2728 (Ad
1013 2661 1089 2717 cenis
1109 2677 1148 2717 rn-

139 2725 201 2781 bidi
218 2733 326 2781 morsus
344 2727 402 2783 ind.
417 2729 459 2796 p).
533 2735 548 2783 ‘1
568 2728 645 2783 circui
663 2728 752 2784 icides
766 2746 788 2799 o,
808 2732 913 2787 circum
932 2731 981 2787 des
993 2749 1025 2802 p.
1096 2733 1146 2790 sale

140 2797 294 2852 contritum
312 2813 339 2864 c,
358 2798 448 2852 salem
465 2797 565 2853 tritum
578 2816 609 2870 p.
697 2806 713 2855 8
732 2817 864 2873 aspergas
878 2819 910 2871 p.
996 2805 1111 2876 epponis
1123 2813 1146 2859 c.

140 2867 252 2922 sienim
270 2883 320 2923 orn.
340 2884 362 2923 c.
435 2869 549 2940 sanguis
567 2870 632 2925 oeni
647 2871 711 2938 (sic)
730 2887 757 2940 o,
776 2873 853 2928 ennio
871 2873 1001 2944 sanguini
1014 2893 1047 2944 p.
1119 2879 1148 2929 10

141 2941 171 2994 et
188 2954 239 2995 orn.
253 2955 284 3008 p.
358 2939 465 2994 centeri
483 2956 504 2995 c.
578 2941 664 2999 inuris
684 2945 707 3012 (1
722 2943 811 2998 urinis
825 2945 850 3014 c)
869 2959 910 3014 cp.
983 2963 1052 3015 qno:
1071 2946 1148 3016 quic,

139 3008 217 3080 quod
230 3025 260 3079 p.
336 3015 368 3064 11
388 3026 466 3064 secra
484 3028 511 3079 c,
534 3013 634 3068 sobora
646 3029 677 3082 p.
751 3019 784 3068 13
808 3014 903 3070 ulcera
915 3033 947 3086 p.
1022 3023 1056 3072 14
1073 3015 1149 3072 multi

139 3085 188 3152 tpr
206 3097 227 3138 c.
302 3085 336 3136 15
349 3081 398 3136 XL
409 3098 445 3153 p:
465 3098 516 3139 om.
530 3100 553 3139 c.
626 3083 693 3140 salsi
701 3101 736 3154 pr
756 3085 812 3140 essi
825 3102 847 3141 c.
923 3093 955 3142 lt
970 3087 1149 3146 medicamen·

138 3155 202 3208 tnm
220 3168 271 3208 om.
286 3151 385 3223 (Al')p
399 3155 526 3224 (eppone
540 3155 777 3211 medicamentum
795 3156 881 3212 Aiind
897 3159 998 3214 misces
1012 3177 1037 3218 e.
1055 3165 1101 3217 etc.
1119 3163 1148 3228 c).

139 3226 170 3279 et
187 3239 239 3282 om.
252 3239 283 3292 p.
371 3229 405 3278 19
424 3241 442 3279 e
455 3241 492 3295 p.-
510 3241 561 3284 om.
580 3243 602 3282 c.
688 3232 723 3282 20
741 3234 828 3298 posce
845 3234 882 3283 n‘o
900 3231 1032 3287 suburam
1051 3233 1113 3301 (sic)
1129 3247 1148 3295 c,

138 3308 248 3384 moab
275 3311 312 3386 sb’
335 3295 399 3384 edm
426 3314 469 3385 (in
489 3331 576 3386 maro.
591 3321 627 3385 1⁹⁰
649 3320 661 3370 i
685 3313 702 3370 i
724 3317 792 3386 pice
814 3317 866 3381 sub
886 3322 962 3389 ecre)
981 3335 1012 3390 p.
1117 3323 1147 3374 21

141 3401 279 3456 diuturnis
293 3418 329 3472 p,
347 3395 440 3461 dii'nis
459 3420 481 3459 c.
553 3403 677 3472 perdice
692 3405 740 3460 XL
759 3403 885 3462 bibendi
903 3407 983 3464 dabis
998 3425 1020 3476 c,
1039 3423 1147 3464 numero

140 3471 287 3542 sexaginte
305 3472 385 3529 debis
402 3474 527 3530 bibenda
540 3491 572 3544 p.
