2452 4014
549 204 766 270 ..72-

150 351 233 414 dicae
266 347 317 413 sm
343 349 370 412 ll
398 348 516 412 coliculi
544 367 617 412 suco
649 348 771 429 colliges
803 357 834 410 et
861 350 951 412 iacies
982 347 1098 429 collyria
1123 349 1149 408 io

151 440 272 502 modom
295 438 379 500 labae
402 439 554 518 aegyptiae
577 445 609 500 et
629 439 662 500 in
686 437 747 500 sole
771 437 905 500 siccabis.
931 431 935 520 l

43 578 153 680 ,ζῶ
384 586 529 649 Xllllllll.
566 587 613 648 dd
637 590 764 650 tussim
788 587 931 650 aridam.

45 684 152 788 affl),
242 705 346 768 Tussis
381 703 462 766 arida
495 723 511 766 a
544 703 665 764 Graecis
701 703 884 766 serobeclres
923 704 1098 786 appellatur,
1128 711 1152 764 et

125 796 325 875 oagnoscitnr
353 794 492 872 quotiens
515 810 584 855 cum
611 809 702 871 parvo
731 791 866 872 flegmate
890 800 921 855 et
948 794 1077 856 lancium
1098 801 1152 854 ten·

153 886 237 944 sionc
251 891 282 943 et
296 881 453 961 gravedine
473 888 503 943 et
520 882 613 942 nimia
630 879 760 942 thoracis
778 883 991 945 constrictione
1006 901 1042 944 ex
1060 882 1153 944 viscosi

152 971 299 1050 flegmatis
326 969 478 1031 inlusione
504 975 585 1051 nata,
611 986 702 1048 qnam
729 968 834 1031 Graeci
862 972 1010 1032 catarrian
1036 973 1096 1032 sive
1116 987 1154 1030 ca·

154 1069 258 1122 tarrun
273 1066 387 1120 vocant.
424 1057 581 1138 aliquando
599 1065 629 1119 et
646 1076 662 1118 a
682 1067 766 1137 tergo
785 1057 919 1120 dolorem
936 1061 1015 1120 inter
1034 1058 1156 1139 scapulas

153 1149 301 1228 sentiunt,
329 1145 408 1226 qnod
436 1146 542 1209 Graeci
568 1146 753 1208 metalrenon
781 1146 893 1210 dictmt.
938 1149 1088 1227 contingit
1108 1147 1155 1206 ire·

113 1253 140 1292 10
153 1235 282 1316 quanter
296 1254 333 1298 ex
347 1231 537 1298 antecedenti
548 1235 742 1314 perfrictione
757 1244 833 1298 aute
845 1237 994 1298 contrario
1004 1235 1156 1298 adustione.

154 1327 264 1388 etenim
283 1326 380 1386 omnis
402 1325 495 1404 frigor
518 1322 643 1386 cerebro
665 1323 822 1386 humorem
843 1323 1043 1403 flegmaticum
1066 1325 1159 1402 nutrit,

153 1413 317 1476 identidem
332 1415 441 1474 nimius
455 1413 536 1474 calor
549 1431 587 1475 ex
601 1412 741 1474 calefacto
756 1411 881 1474 cerebro
896 1412 1054 1476 humorem
1067 1429 1157 1492 supra·

155 1502 268 1564 dictum
291 1502 328 1562 ad
350 1503 509 1563 inferiores
531 1509 632 1581 partes
655 1500 847 1580 liquefactum
870 1501 1000 1564 dimittit

244 1593 276 1650 in
299 1589 504 1650 curationibus
527 1607 598 1650 vero
621 1597 740 1669 oportet
766 1591 799 1651 in
827 1592 892 1670 ipso
915 1592 1000 1653 initio
1024 1588 1160 1671 penicillis

116 1693 142 1733 1⁵
156 1678 258 1741 calidis
289 1676 320 1739 id
348 1686 394 1739 est
422 1677 515 1740 calida
543 1695 619 1756 aqua
646 1680 796 1757 expressis
824 1677 880 1740 sul>
908 1687 1010 1740 mento
1043 1679 1161 1759 gutturis

155 1775 269 1850 partes,
292 1784 365 1846 quas
389 1765 495 1828 Graeci
517 1773 679 1828 antereona
701 1774 821 1846 vocant,
844 1765 958 1829 alterna
980 1770 1160 1848 vaporatione

155 1864 281 1918 mutue.
318 1857 407 1918 etiam
430 1865 461 1917 ct
483 1857 529 1916 ori
550 1857 665 1935 patenti
689 1861 720 1916 et
742 1855 865 1917 naribus
889 1855 1047 1934 penicillos
1070 1873 1161 1936 supra·

69 2021 72 2030 ,
157 1945 252 2006 dictos
276 1943 387 2006 calidos
411 1946 548 2024 congruit
574 1942 777 2005 laborantibus
800 1943 963 2024 applicare,
992 1952 1023 2006 et
1049 1964 1101 2007 eos
1121 1944 1161 2004 ad·

157 2051 278 2095 monere
303 2043 337 2095 ut
359 2033 395 2093 ad
419 2041 514 2093 semet
540 2034 622 2112 ipsos
650 2034 789 2112 spiritum
813 2035 929 2113 vaporis
953 2035 1084 2115 rapiant,
1113 2049 1163 2112 quo

117 2137 144 2177 ro
157 2123 273 2202 possint
304 2123 448 2182 interiora
480 2121 616 2200 corporis
648 2119 795 2201 membra,
831 2139 906 2200 quae
939 2120 1047 2183 Graeci
1081 2122 1164 2182 moria

159 2217 277 2284 vocant,
317 2208 506 2270 relaxationis
537 2207 721 2288 indulgentia
753 2207 887 2272 relevar't
937 2218 1006 2290 post
1039 2209 1111 2291 liaeo
1140 2216 1165 2269 et

159 2299 425 2377 anagargarismata
454 2305 543 2358 erunt
571 2297 721 2359 offerenda
746 2315 782 2358 er
810 2316 886 2377 aqna
909 2298 1005 2359 mulsa
1029 2299 1120 2362 calida
1140 2304 1167 2356 et

158 2387 333 2448 decoctione
356 2386 405 2447 fici
424 2395 454 2448 et
476 2387 561 2466 ysopi
579 2394 632 2448 aut
649 2405 685 2448 ex
704 2385 878 2448 decoctione
899 2389 1013 2466 origani
1033 2395 1064 2449 et
1083 2385 1165 2468 thymi

159 2483 191 2537 et
212 2474 392 2556 gliqoiritiae
415 2483 446 2536 et
468 2475 515 2536 his
538 2473 653 2536 similia.

231 2618 245 2666 1
266 2614 347 2681 co(au
361 2608 486 2693 ep)licnli
498 2627 525 2692 p.
597 2609 708 2692 colligis
724 2612 754 2665 et
771 2609 841 2664 facis
854 2626 914 2681 pop.
987 2611 1099 2667 collirio
1114 2625 1168 2680 pop.

158 2681 344 2753 aaegyptiae
364 2699 396 2752 p,
419 2682 526 2762 egiptus
544 2697 580 2750 p:
609 2697 624 2736 e
655 2696 752 2752 pcaoce
775 2697 798 2735 c.
870 2683 994 2750 amciter
1015 2684 1092 2766 ios-p
1114 2696 1166 2750 cop.
1215 2759 1216 2774 ἵ

157 2753 203 2807 Ad
224 2754 369 2837 ⁸tumorem
396 2751 520 2833 fanetum
542 2752 631 2835 (m
670 2793 676 2806 .
784 2749 870 2806 3Ad
892 2753 1000 2835 tererem
1023 2755 1169 2837 mdamp
1215 2785 1216 2794 κ

159 2824 276 2965 &ogd
295 2821 805 2964 p);e?o(tegllzllgrl3¹o;ffie3tems
820 2822 1169 2978 Peyppopjaoefigssgcsspss,

161 2983 206 3022 exe
226 2968 255 3020 ot
272 2981 318 3035 pc,
336 2965 370 3018 fit
387 2981 422 3019 ex
435 2981 466 3034 p.
552 2971 568 3019 'l
588 2966 717 3020 catereon
736 2966 857 3033 (catereo
872 2981 899 3034 e,
918 2967 1052 3022 catarcon
1064 2968 1100 3036 p)
1117 2979 1170 3020 aare

161 3039 302 3092 catarrum
319 3052 379 3107 pop.
452 3041 469 3090 9
483 3057 503 3103 p
516 3035 612 3117 (qnod)
627 3051 672 3104 cpe
690 3050 775 3161 {nom
790 3051 816 3105 9.
890 3040 924 3090 10
938 3036 1133 3106 perfricatione
1142 3051 1169 3104 p.

131 3147 136 3158 .
163 3114 195 3163 11
219 3107 326 3178 frigdor
344 3122 386 3178 cp.
472 3107 569 3163 nutnt.
601 3105 693 3161 Identi
713 3122 758 3160 em
777 3107 837 3177 (sie)
855 3123 874 3176 p
891 3109 935 3176 (p,
948 3109 1009 3164 sirac
1025 3109 1124 3177 lestap.
1138 3109 1168 3172 c).

162 3185 195 3234 13
215 3178 334 3234 dimittit
350 3194 414 3250 pop:
434 3176 550 3249 deponit
570 3175 644 3233 Petr.
727 3181 760 3232 1⁶
780 3178 906 3232 mentum
925 3179 986 3248 (sic)
1004 3195 1063 3250 pop.
1141 3180 1171 3230 lo

160 3250 333 3306 anthereona
341 3267 373 3319 p,
387 3249 517 3305 antrema
526 3264 548 3303 c.
622 3252 655 3302 18
669 3263 828 3303 ammonere
844 3247 1008 3318 (immunera
1023 3253 1049 3318 c)
1062 3250 1104 3305 se'c
1115 3262 1169 3319 pop.

161 3328 196 3380 20
215 3321 323 3377 morian
343 3337 369 3391 ρ.
442 3325 476 3374 22
496 3321 525 3375 et
544 3318 614 3388 (dec.
632 3319 677 3389 ωε
697 3337 731 3374 ox
748 3337 791 3391 pc,
809 3321 839 3375 et
856 3335 891 3374 ex
905 3336 936 3390 p.
1014 3327 1048 3376 28
1066 3320 1134 3376 licus
1150 3333 1169 3372 c.

161 3409 264 3519 exfizm.
279 3409 300 3450 c.
374 3398 409 3447 24
427 3389 606 3463 gliqniricise
623 3407 654 3460 y:
672 3390 783 3461 gliricis
802 3406 825 3460 c,
843 3390 900 3460 hdr
911 3408 943 3460 p.
1023 3391 1127 3447 similia
1142 3405 1171 3459 p:

161 3494 194 3504 —·
238 3484 269 3520 us
288 3480 329 3534 cp.
