2452 4014
538 247 776 311 -158-

239 397 386 458 conlectio
415 396 554 455 cerotarii
577 394 720 472 stypticae
743 391 864 452 virtutis
893 393 1072 451 conveniens
1093 407 1148 470 syn

149 503 224 566 eope
250 483 462 548 laborantibus
503 483 611 562 recipit
637 488 775 561 manaim
803 481 900 541 sicum
930 481 1051 540 corticis
1072 476 1150 558 su,

150 575 287 636 aluminis
309 575 396 635 scissi
418 572 440 639 5
463 572 490 654 l,
513 589 599 632 cerae
622 569 644 638 3
667 568 736 650 llll,
759 567 817 630 clei
839 567 990 629 lentiscini
1013 577 1064 629 aut
1082 585 1150 647 myr-

149 666 206 726 tini
227 677 264 725 -:-
285 662 335 726 lll.
359 663 451 723 iacies
474 663 525 721 sic.
565 665 704 739 menatae
728 659 843 718 corium
864 656 975 718 tutides
999 665 1030 718 et
1051 658 1151 718 tenuis·

124 755 224 814 ssime
253 769 373 832 cernes,
405 767 474 812 cum
501 748 630 809 alumine
661 749 694 808 in
721 747 863 808 mortario
892 745 992 807 umori.
1008 756 1098 825 teres,
1125 753 1152 805 et

151 844 194 902 sic
218 857 352 902 crassum
376 839 555 900 cerularium
579 835 764 897 admiscebis.

448 997 531 1058 LXV.
567 996 613 1056 Ad
639 994 871 1076 apoplexiam.

239 1121 399 1204 Apoplexia
419 1130 465 1184 est
487 1121 566 1183 dicta
588 1121 686 1200 passio
706 1117 742 1179 ab
766 1137 801 1179 eo
823 1117 903 1199 quod
923 1119 1076 1180 mortifero
1097 1122 1153 1182 ictu

149 1215 285 1292 corporis
303 1211 392 1273 simul
410 1219 441 1272 et
459 1213 573 1272 animae
592 1206 749 1270 concidant
766 1206 922 1287 patientes.
959 1215 990 1269 et
1012 1217 1058 1270 est
1077 1227 1153 1289 para·

109 1317 135 1355 10
149 1301 220 1383 lysis
248 1308 337 1362 acuta
369 1317 531 1361 nervorum
563 1301 615 1378 qui
643 1296 767 1376 singulis
797 1293 928 1358 motibus
960 1296 1154 1358 membrorum

149 1392 315 1452 inserviunt
334 1407 403 1451 cum
420 1391 511 1450 animi
534 1387 740 1467 compatientis
758 1383 994 1447 insensibilitate.
1028 1388 1155 1466 sequitur

149 1487 249 1541 autem
271 1479 419 1559 patientes
441 1475 653 1538 insensibilitas
677 1476 769 1535 totius
792 1476 927 1554 eorporis
951 1481 982 1536 et
1007 1477 1153 1558 oppressio
1213 1529 1214 1556 y

149 1567 246 1628 subita
273 1575 392 1646 praeter
420 1569 565 1628 rationem
589 1573 619 1625 et
644 1562 800 1645 paralysis,
827 1572 861 1624 ut
889 1565 979 1624 etiam
1004 1565 1154 1644 repentino
1213 1559 1214 1586 i

149 1673 221 1716 casu
244 1653 450 1717 obmutescant
474 1661 504 1715 et
527 1651 665 1714 sensibus
689 1651 826 1712 omnibus
849 1653 1014 1732 prirentur.
1059 1660 1088 1714 et
1108 1653 1155 1713 ali·

109 1759 135 1798 1⁵
149 1747 254 1823 quanti
280 1745 310 1804 in
338 1742 441 1805 dextra
469 1751 553 1823 parte
581 1740 728 1821 paralysin
761 1741 929 1824 patiuntur,
962 1739 1103 1822 aliquanti
1128 1743 1155 1801 in

149 1835 277 1895 sinistra.
320 1840 351 1894 et
378 1840 449 1895 suut
475 1831 632 1894 distantiae
661 1831 807 1910 passionis
834 1828 919 1892 dnae.
956 1847 1024 1891 nam
1053 1829 1156 1892 dicitur

149 1921 300 2002 apoplexia
319 1929 350 1982 ct
372 1921 548 2002 paraplcxia.
586 1919 639 1980 sed
658 1915 810 1998 apoplexia
833 1935 920 1997 quam
940 1920 1067 1998 primam
1089 1919 1155 1980 dini·
1213 1919 1214 1938 ¹

149 2029 216 2072 mus
234 2012 326 2072 totius
345 2013 481 2090 corporis
500 2027 567 2070 esse
589 2005 773 2087 intellegitur
791 2023 860 2067 cum
878 2009 988 2068 mentis
1006 2015 1037 2069 et
1055 2025 1155 2069 sensus

147 2099 288 2180 paralysi,
319 2097 487 2179 paraplexia
514 2115 586 2158 vero
612 2098 645 2157 in
668 2113 727 2156 una
753 2102 838 2175 parte
867 2097 1002 2175 eorporis
1033 2097 1156 2158 allicitur

106 2201 132 2241 20
147 2194 198 2249 aut
221 2186 324 2247 dextra
347 2194 398 2247 aut
421 2188 550 2246 sinistra.
587 2201 654 2246 nam
682 2186 746 2264 ipse
769 2181 1012 2265 Hippocrates
1038 2187 1156 2246 senior

147 2274 317 2354 dogmatum
344 2276 485 2354 princeps
512 2273 587 2336 duas
615 2271 769 2334 distantias
796 2274 943 2352 passionis
971 2271 1107 2335 scribens
1127 2274 1155 2333 in

146 2364 295 2425 alorismis
318 2365 361 2425 sic
384 2365 438 2444 ait,
462 2363 576 2424 solvere
600 2361 784 2442 apoplexiam
809 2361 1002 2423 fortissimam
1025 2363 1154 2442 impossi·

146 2452 221 2534 bile,
242 2451 421 2516 imbecillem
443 2470 514 2514 vero
538 2467 599 2512 non
622 2449 716 2512 facile.

235 2541 273 2603 ob
296 2541 477 2622 diligentiam
502 2558 574 2601 vero
595 2541 758 2601 curationis
781 2541 925 2602 remitum
953 2541 984 2600 in
1007 2539 1155 2620 praesenti

106 2645 132 2686 as
145 2630 319 2711 provocabis
343 2650 378 2692 en
403 2629 554 2711 ydrelaeo‚
576 2627 606 2688 id
630 2635 731 2688 estex
750 2645 826 2707 aqua
845 2626 938 2691 calida
957 2636 987 2689 et
1008 2627 1088 2710 oleo,
1111 2626 1154 2687 ad·

216 2802 336 2871 aliep.
409 2802 670 2870 scalproc‘em.
742 2801 908 2869 auisebcp.
981 2799 1155 2869 4†1H.p=

144 2871 228 2935 3111.
247 2888 269 2927 c.
350 2871 639 2941 iacissicpaorm.
725 2874 995 2940 iteresctom.p.
1077 2867 1154 2925 oad-
1212 2857 1213 2932 i

144 2943 245 2998 misces
263 2958 303 3012 cp.
386 2942 463 2997 'lDe
481 2941 632 3025 apoplexia
646 2959 676 3012 p.
758 2940 871 2997 edicta
889 2945 932 2997 est
944 2957 975 3010 p.
1061 2947 1155 2996 acon·
1212 2933 1213 3009 3

145 3013 248 3068 cadmi
261 3030 291 3084 p.
367 3019 398 3067 11
414 3018 448 3068 eti
462 3013 550 3069 ammi
562 3012 667 3096 paciein'
685 3011 929 3078 insensibilitate
949 3029 972 3082 c,
991 3029 1054 3068 cnm
1073 3009 1155 3066 animi

145 3088 172 3152 (c
183 3086 223 3156 ai)
236 3083 437 3140 insensibilitas
450 3084 648 3155 compatientis
662 3083 756 3154 passio
768 3089 802 3154 ρο
816 3085 859 3152 (iss
872 3099 968 3154 mare,
982 3099 1048 3140 sam
1060 3097 1109 3138 cm,
1115 3085 1154 3150 p).

147 3162 180 3211 ia
197 3156 335 3212 rationem
350 3173 385 3240 p:
408 3155 513 3212 iactum
531 3157 694 3226 l-ticnem)
713 3171 735 3211 c.
824 3160 857 3210 to
882 3154 913 3210 in
930 3171 981 3210 om.
1001 3171 1022 3210 c.
1107 3150 1153 3207 ali·

145 3227 290 3296 quantiae
309 3227 471 3298 qusdamp.
545 3233 577 3283 18
595 3226 664 3282 totis
685 3225 815 3298 corpibus
834 3241 857 3281 c.
928 3224 1098 3296 intelligitur
1115 3237 1151 3291 ῳ.

147 3304 180 3353 19
198 3297 327 3371 pualisip
339 3315 372 3370 p,
391 3299 471 3354 -sin
489 3315 512 3354 c.
583 3296 747 3382 pasoplexia
765 3313 816 3354 om.
835 3313 881 3384 e..
931 3303 966 3352 20
983 3297 1045 3368 ipse
1061 3309 1111 3350 ass.
1127 3309 1152 3362 p.

144 3385 268 3566 app:
282 3385 310 3508 c
327 3369 645 3511 messere
664 3367 965 3511 ericusa-o
983 3371 1153 3510 ,otu

143 3528 259 3580 yoeo
275 3528 307 3583 p.
