2510 4020
467 249 684 312 ..41-

80 395 136 456 loca
161 397 301 475 patientia
323 394 502 474 plantaginis
529 401 581 456 ant
607 413 680 456 uvae
713 393 831 473 lupinae
860 415 932 458 suco
964 393 1081 475 inlices,

81 493 125 546 aut
147 484 345 546 lenticulatam
373 483 495 546 herbam
523 481 560 544 de
584 485 695 564 stagnis
718 481 884 545 virentibus
907 483 1027 563 colliges
1051 493 1082 544 ct

81 592 139 633 cum
157 573 272 635 modico
290 581 374 640 aceto
393 575 493 634 tritam
511 574 661 652 imponas,
682 580 733 634 aut
750 569 898 651 glaucium
918 591 987 634 cum
1005 590 1082 652 aqua

81 662 200 723 solutum
227 661 347 743 inlines,
375 669 426 722 aut
454 660 611 723 coriandro
640 668 691 722 aut
718 659 886 742 plantagine
913 663 984 724 trito
1012 678 1081 721 cum

80 768 146 828 panc
167 769 256 831 posca
280 751 379 811 inluso
402 749 448 810 bis
471 752 502 810 in
526 749 573 810 die
597 757 628 810 et
651 746 744 809 semel
770 751 802 810 in
825 759 912 812 nocte
941 748 1108 828 cataplass

80 838 176 902 nabis:
207 841 238 899 in
270 837 395 899 hiberno
427 847 527 900 autem
558 837 645 898 viridi
677 839 743 918 apio
777 847 828 900 aut
855 839 973 900 coliculi
1005 835 1082 899 loliis

80 928 205 989 similiter
228 945 296 989 cum
319 945 395 1007 pane
418 929 528 1008 uteris,
554 928 680 987 maxime
708 929 734 988 si
763 929 794 988 in
817 926 985 990 articulosis
1008 926 1082 987 locis

80 1015 161 1078 luerit
183 1016 352 1098 erysipelas.
390 1019 471 1077 novit
493 1017 573 1076 enim
597 1015 654 1076 talo
678 1016 854 1096 cataplasma
877 1018 1082 1077 imminentem

80 1105 256 1183 putredinem
282 1103 451 1185 prohibere.

158 1193 236 1255 aliud
255 1193 292 1254 ad
310 1196 409 1273 ignem
428 1211 554 1254 sacrum.
596 1192 729 1254 cimoliae
753 1198 779 1249 2
797 1193 852 1274 ΙΙΙ,
875 1194 983 1274 gloucii
1002 1197 1028 1248 ζ
1045 1191 1082 1271 ΙΙ,
1097 1210 1123 1249 ιο

80 1299 189 1360 spumae
212 1284 328 1362 argenti
352 1281 427 1363 21,
455 1284 536 1344 croci
564 1281 666 1359 2111,
695 1286 772 1344 turis
798 1282 922 1343 masculi
952 1281 1014 1342 21
1042 1283 1082 1342 ci·

80 1378 155 1431 cutac
181 1389 254 1432 suco
283 1370 403 1451 colliges
432 1379 462 1431 et
490 1374 652 1433 trociscum
679 1369 852 1432 informabis
880 1377 911 1430 et
940 1374 972 1432 in
995 1387 1083 1431 usum

79 1460 105 1518 in
124 1477 210 1538 posca
234 1459 341 1540 frigida
364 1468 444 1520 teres
462 1467 493 1520 et
515 1459 631 1522 inlines.
668 1458 824 1539 aliquando
844 1461 946 1533 stiam,
969 1467 1004 1520 ut
1025 1458 1084 1518 loci

80 1548 193 1624 qualitas
215 1548 263 1608 vel
286 1550 381 1628 ipsius
404 1546 529 1609 membri
550 1548 757 1630 postulaverit,
780 1566 856 1627 aqua
875 1548 968 1609 calida
986 1549 1083 1627 primo

80 1636 245 1698 lcmcntabis
274 1646 304 1698 et
332 1637 489 1716 diligenter
517 1637 668 1718 deterges,
695 1647 767 1699 tunc
799 1637 888 1717 paulo
917 1654 1037 1698 sursum
1067 1651 1124 1695 ars

79 1727 197 1801 patiente
230 1725 296 1786 loco
330 1726 522 1805 corpodesmo
559 1725 662 1806 ligabis
695 1733 725 1786 ct
761 1725 813 1786 ubi
845 1729 955 1787 nimius
990 1723 1084 1785 rubor

80 1811 172 1896 inerit,
213 1814 412 1876 scarilationis
452 1813 616 1876 levissimas
652 1813 833 1876 laceratores
869 1813 967 1894 dabis,
1011 1830 1084 1891 quas

81 1898 174 1964 Graeci
197 1902 335 1984 amychas
358 1910 472 1964 vocant.
514 1910 544 1964 et
571 1911 729 1983 postquam
754 1902 862 1963 videris
885 1910 985 1964 cutem
1008 1899 1084 1962 bene

81 1988 162 2052 luisse
184 1999 356 2073 purgatam,
384 1993 506 2071 spongia
533 1991 640 2071 lrigida
667 2010 756 2071 posca
780 2009 920 2072 expressa
948 1990 1085 2069 deterges

80 2089 105 2137 et
125 2083 250 2142 trocisco
275 2099 366 2160 supra
389 2082 500 2160 scripto
523 2080 607 2142 lines.
645 2080 700 2141 alio
722 2098 793 2141 vcro
819 2080 867 2141 dic
891 2079 1085 2160 emplastrum
1099 2095 1126 2136 so

79 2164 119 2226 lia
137 2169 278 2250 strychnu
302 2169 479 2249 appellatum
502 2171 653 2249 impones:
676 2178 707 2231 et
729 2169 887 2231 coniicitur
910 2171 962 2231 sic.
999 2185 1085 2229 cerae

144 2362 157 2410 1
176 2357 317 2428 patientia
335 2375 362 2412 c:
381 2357 514 2427 patientis
531 2375 576 2428 99.
648 2373 721 2413 urae
738 2357 865 2428 lupinae:
883 2358 904 2413 i.
923 2374 944 2413 e.
963 2357 1087 2427 strychni

81 2423 180 2490 (Simon
198 2429 268 2483 Jon.
287 2445 309 2483 s.
327 2433 367 2496 c.)
401 2428 437 2495 cf.
456 2429 535 2496 infra
553 2434 578 2483 ct
595 2429 689 2484 Diosc.
710 2430 727 2483 l.
747 2445 770 2482 c.
851 2428 904 2497 in(l
923 2427 1014 2496 c)linis
1034 2443 1085 2498 pop

81 2496 146 2561 (item
158 2515 221 2554 mox
236 2499 348 2570 colligis
364 2541 370 2554 .
386 2542 392 2554 .
409 2542 414 2554 .
430 2499 569 2569 imponis).
642 2499 869 2568 alenticulamp
883 2499 1018 2567 (-latom
1032 2502 1085 2567 pc).

80 2568 231 2636 oglerium
249 2587 281 2640 9,
304 2570 428 2641 glaciem
452 2587 485 2638 cp
508 2565 654 2640 (γλαύκων
677 2571 714 2624 od
737 2571 836 2639 erysip.
856 2568 919 2623 Gal.
938 2569 990 2637 XI,
1014 2573 1085 2636 sot).

81 2637 254 2710 tillinisgcp.
322 2647 434 2712 oposca
447 2657 478 2712 g:
492 2641 521 2696 in
536 2655 677 2710 puscocp.
746 2647 762 2694 6
772 2641 941 2710 prostantem
954 2641 987 2693 int
999 2655 1085 2709 marg.

80 2709 136 2764 odd.
146 2718 192 2780 9οε
207 2712 443 2783 ἑρΙεαεΙτίωαᾶο.
512 2713 594 2780 co(au
608 2709 732 2781 cp)liculi
745 2726 770 2781 9.
843 2716 859 2767 8
875 2709 1013 2780 erisipilas
1025 2725 1086 2780 pop.

80 2777 130 2834 lale
139 2787 184 2850 9οι
203 2782 270 2837 talis
283 2799 324 2854 9ο.
395 2782 562 2838 immeritem
575 2786 661 2853 999).
736 2789 769 2838 10
784 2799 880 2838 acrum
893 2799 919 2852 9,
934 2798 1049 2852 aegrum
1064 2798 1085 2836 c.

82 2850 208 2916 quimolis
225 2871 257 2923 9,
276 2854 348 2909 -lis
367 2871 409 2924 cp.
481 2854 596 2925 glouorit
609 2871 635 2924 9,
655 2859 725 2909 -οῆ
735 2870 758 2923 9
777 2853 861 2924 (-oii
874 2855 907 2922 c).
943 2854 1007 2908 item
1024 2869 1088 2908 mccc

82 2936 465 3016 spuma...croci1(ebi<i‘e
484 2968 518 2990 =·
538 2959 599 2998 cere
614 2947 649 3012 9)
666 2959 692 3012 9.
778 2941 888 3012 colligis
905 2959 965 3014 pop.
1053 2947 1087 2996 13

82 3010 254 3092 milcpllinis
278 3030 339 3084 pop.
448 3021 482 3069 14
505 3015 702 3084 postulavera
720 3013 839 3084 (-verit
858 3017 908 3084 cp).
1018 3013 1052 3067 15
1070 3031 1088 3068 o

82 3081 198 3146 patiente
221 3084 284 3139 loco
308 3100 353 3154 cp:
378 3085 531 3154 patientem
555 3085 648 3140 locum
666 3102 692 3155 9.
802 3090 834 3139 tt
856 3083 1044 3140 scariiationis
1061 3099 1087 3154 9,

83 3167 158 3208 —nes
177 3171 191 3209 c
209 3154 437 3224 (scarificationes
454 3155 525 3210 facis
539 3172 571 3226 9,
589 3157 638 3226 gui
654 3173 707 3212 cot.
724 3156 778 3212 lev.
798 3155 873 3226 loc.),
961 3153 1088 3209 levissi-

82 3235 135 3275 mas
149 3241 173 3280 c:
191 3225 350 3282 lenissimas
362 3243 388 3296 9.
455 3232 488 3281 18
498 3227 604 3282 amicas
617 3244 663 3298 99,
676 3227 788 3282 amicho
802 3244 823 3281 c.
888 3233 923 3282 20
936 3225 1088 3281 trociscum

82 3289 154 3355 l-cti
179 3299 203 3364 c)
226 3313 311 3366 supra
333 3297 439 3368 scriptis
462 3296 529 3352 linis
551 3314 599 3367 gc,
623 3297 744 3354 trocisco
763 3314 848 3368 supra
870 3297 947 3352 dicto
971 3295 1043 3350 lenis
1056 3312 1087 3365 9.

83 3365 111 3413 21
133 3363 317 3437 diasffignum
343 3385 396 3438 99,
422 3367 553 3438 diestrigi
576 3386 591 3422 c
614 3369 658 3437 (cf.
682 3367 776 3424 Diosc.
799 3367 851 3435 IV,
876 3370 928 3438 71).
1036 3367 1089 3420 im·

83 3435 156 3564 ponis
187 3454 247 3508 pop.
383 3456 447 3496 cero
479 3441 555 3512 (egra
587 3443 615 3510 9)
636 3481 641 3492 .
663 3479 669 3492 .
690 3481 697 3495 .
716 3456 840 3510 spuma.
862 3481 868 3492 .
888 3480 895 3492 .
915 3454 1026 3493 cerussa
1056 3452 1089 3506 9ο

92 3518 144 3570 90⁷2·
159 3517 199 3576 rl·
880 3540 885 3546 ·
