2510 4020
510 245 708 292 —v-

111 381 311 454 conservatus‚
339 391 398 434 uno
426 380 527 433 vetere
560 373 680 452 quidem
709 381 740 434 et
769 373 828 433 fido
861 374 913 434 sed
947 377 1123 455 imperfecte

111 464 169 523 sine
191 461 280 522 titulo
303 479 337 522 ac
360 463 480 522 nomine
504 463 615 540 scripto
640 454 687 544 (in
710 455 884 546 Germania)
912 463 948 524 ad
971 465 1123 544 exemplar

110 551 184 630 quod
202 558 286 612 recto
305 549 504 629 capitulorum
522 550 722 629 foliorumque
740 550 844 613 ordine
864 551 1042 614 destitutum
1056 562 1121 615 erat

108 638 301 718 mutilumque
326 647 357 700 et
379 639 567 719 lacunosum,
590 639 762 701 recentibus
786 639 903 700 duobus
922 643 1047 720 integris
1068 643 1121 704 sed

109 729 227 790 arbitrio
251 729 407 807 scriptoris
435 727 501 789 ltali
528 735 644 788 textum
667 728 830 790 obscurum
855 731 1033 808 corrigentis
1057 749 1122 791 cor·

108 825 192 897 rupto
216 816 310 877 altero
328 816 490 878 Parisiensi
509 835 531 878 s.
556 815 635 897 XIH,
659 817 752 878 altero
772 817 1009 898 cantabrigiensi
1027 837 1050 880 s.
1070 818 1121 879 XV

107 914 227 986 propter
245 907 392 984 insignem
412 906 580 966 litterarum
595 905 799 967 obsoletamm
817 925 853 966 ex
872 915 973 968 vetere
993 908 1121 987 quodam

107 994 241 1074 beneque
265 995 428 1074 exemplari
451 993 636 1073 depictarum
661 996 809 1056 inscitiam
837 999 1121 1060 monstruosissimo.

107 1083 302 1144 Parisiensem
325 1077 414 1165 (tunc
438 1101 485 1143 no.
508 1079 607 1161 1125)
628 1085 743 1162 primus
766 1087 943 1145 monstravit
965 1084 1122 1165 Philippus

106 1171 242 1234 labbeus
269 1175 301 1232 in
322 1171 404 1233 Nova
432 1171 501 1232 bibl.
525 1189 599 1232 mss,
620 1171 765 1233 librorum
789 1191 811 1233 s.
837 1173 1005 1252 specimine
1030 1177 1121 1254 antiq.

106 1260 170 1321 lect.
190 1260 255 1322 Par.
277 1257 363 1322 1653
386 1279 415 1339 p.
434 1257 492 1340 49,
516 1259 789 1340 cantabrigiensem
814 1269 843 1322 et
866 1264 964 1341 ipsum
987 1255 1121 1324 initalia

107 1352 249 1428 scriptum
278 1342 318 1431 (v.
343 1348 404 1410 Cat.
428 1349 462 1408 ol
481 1349 531 1410 the
555 1367 625 1410 mss.
650 1350 683 1409 oi
707 1349 758 1410 the
782 1352 861 1411 univ.
886 1351 919 1411 ol
943 1350 1122 1430 Cambridge

105 1437 143 1498 lll
160 1457 188 1517 p.
210 1431 282 1521 82),
307 1439 359 1518 qui
378 1438 448 1499 olim
468 1438 525 1498 luit
541 1438 664 1500 ioannis
683 1437 760 1498 Mori
778 1441 912 1518 episcopi
930 1439 1122 1501 Nervieensis

106 1520 166 1609 (no.
185 1519 258 1610 53),
282 1525 402 1588 exhibet
425 1527 582 1606 Catalogus
605 1526 750 1588 librorum
773 1535 921 1589 motorum
943 1528 1066 1608 Angliae
1088 1531 1120 1590 in

105 1633 197 1676 unum
224 1614 339 1676 collect.
363 1615 416 1675 Ox.
445 1612 528 1677 1697
553 1623 573 1676 t.
597 1614 632 1676 11-
651 1635 679 1695 p.
703 1613 768 1678 363
801 1625 873 1679 tune
900 1617 1122 1699 „pulcherrime

105 1701 307 1783 descriptum“
334 1722 415 1764 nunc
438 1704 559 1765 madore
588 1705 651 1766 lere
676 1704 809 1766 deletum
832 1712 867 1766 ut
889 1708 938 1767 vix
961 1706 1042 1786 legas
1065 1725 1122 1767 nec

104 1795 161 1853 nisi
189 1792 374 1872 reliquorum
402 1794 539 1854 codicum
567 1812 623 1873 ope
656 1793 771 1854 litteras
805 1813 892 1874 saepe
926 1803 1122 1855 evanescente

104 1882 264 1942 discernas.
311 1888 473 1960 utrumque
502 1884 707 1945 testimouium
738 1885 852 1942 notavit
884 1881 1040 1944 Fabricius
1073 1876 1120 1965 (B.

104 1970 152 2030 Gr.
172 1969 220 2050 111,
240 1963 330 2053 322),
355 1978 484 2032 attamen
503 1971 602 2049 ipsum
621 1962 736 2031 textum
754 1963 873 2053 (utpote
891 1965 1122 2055 „translatum“)

102 2077 190 2120 nemo
214 2061 357 2140 inspexit,
386 2067 539 2120 auctorem
562 2057 692 2120 Felicem
715 2059 904 2121 confundunt
926 2078 995 2122 cum
1019 2061 1122 2122 Cassio

102 2148 313 2227 iatrosophista
341 2148 454 2209 Graeco
481 2147 700 2227 problematum
728 2150 874 2227 scriptore
905 2148 991 2228 plane
1015 2149 1121 2210 alieno.

102 2239 221 2297 cautius
247 2235 469 2317 „Bibliothecae
497 2232 650 2299 medieae“
668 2237 805 2298 conditor
823 2240 1046 2298 vetustissimus
1069 2237 1121 2298 Pa-

104 2325 240 2386 schasius
264 2325 364 2386 Gallus
388 2319 468 2408 (Res.
491 2322 577 2388 1590
600 2345 628 2405 p.
648 2322 704 2405 56,
729 2326 807 2387 unde
830 2345 886 2400 spa
908 2327 933 2386 J.
953 2326 985 2388 G.
1008 2326 1121 2388 Schen-

102 2413 188 2474 ckius
217 2433 233 2474 a
261 2413 464 2495 Gravenherg‚
491 2413 586 2487 Biblia
614 2416 717 2475 iatrioa
747 2433 769 2475 s,
797 2414 871 2476 bibl.
901 2414 978 2476 med.
1015 2423 1120 2476 macta.

100 2502 161 2563 Fri.
184 2498 269 2564 1609
294 2521 317 2562 s.
340 2496 383 2587 v.)
405 2502 544 2584 „Cassius
567 2502 650 2563 Felix
679 2503 800 2581 quidam
828 2502 984 2582 aliquoties
1011 2506 1121 2566 citatur

98 2593 131 2652 in
151 2591 306 2670 pandectis
329 2591 455 2652 medicis
473 2591 599 2670 llatthei
619 2591 766 2670 Sylvatici.
801 2609 890 2652 manu
909 2590 989 2652 illius
1009 2593 1121 2671 scripta

98 2679 199 2740 adhuc
222 2687 339 2740 exstare
363 2680 473 2742 alicubi
496 2672 723 2762 coniicitur“.*)

191 2766 254 2848 Ego
279 2768 414 2830 Cassium
437 2769 526 2831 edere
550 2769 693 2829 constitui
718 2768 787 2829 inde
812 2768 848 2829 ab
873 2787 897 2828 a.
924 2765 1017 2830 1856.
1063 2768 1120 2830 hoe

98 2858 181 2917 enim
206 2875 282 2917 anno
310 2866 468 2937 postquam
495 2860 554 2919 iter
576 2857 745 2918 Parisinum
768 2857 893 2918 moliens
922 2875 958 2917 ex
981 2856 1120 2936 Catelogo

96 2947 248 3024 impresso
277 2939 363 3028 (bibl.
387 2964 448 3025 reg.
471 2946 536 3013 Par.
563 2943 648 3007 1744
676 2945 729 3027 111,
755 2939 836 3029 204)
863 2947 999 3007 notitiam
1028 2945 1121 3006 habui

61 3191 66 3198 ,
172 3135 270 3204 ⁸)pro
301 3133 383 3190 Gallo
407 3135 481 3189 mele
500 3133 617 3190 (berneri
634 3133 841 3190 Bibliothecam
866 3133 966 3188 citavit
983 3134 1022 3188 Le
1041 3132 1121 3190 Clero

95 3205 167 3261 bisi.
194 3205 229 3260 de
251 3205 281 3260 le
305 3206 379 3261 med.
405 3210 473 3260 1⁷29
496 3204 522 3274 1,
546 3211 598 3260 423
618 3235 652 3245 —
676 3203 812 3260 Gesner-us
834 3203 908 3261 enim
951 3204 981 3258 ui
998 3204 1028 3260 in
1046 3204 1119 3260 Bibl.

86 3275 175 3332 inter
191 3291 238 3332 eos
257 3293 291 3331 ex
305 3275 407 3344 quibus
420 3273 927 3345 hauseritrteeeh.sy1vaeieuscaoii
960 3272 1039 3330 elicis
1054 3275 1120 3330 sim-

94 3347 214 3416 pliciter
237 3363 339 3403 nomen
361 3346 470 3416 posuit,
495 3345 535 3401 sic
558 3345 646 3402 habeb
666 3346 697 3401 in
720 3345 795 3401 notis
818 3346 854 3402 ad
876 3345 965 3402 Cassii
982 3345 1119 3414 problem.

94 3417 164 3542 lig.
181 3423 250 3473 1562
268 3435 297 3487 p.
314 3422 348 3472 55
369 3417 436 3486 „sed
455 3419 485 3472 et
503 3416 592 3472 Cassii
607 3416 709 3473 Felicia
727 3416 831 3473 medici
845 3416 939 3472 Latini
952 3433 1054 3474 nomen
1068 3416 1120 3471 ali·

92 3505 131 3543 cu
154 3489 165 3544 i
184 3488 255 3559 legi,
274 3505 326 3544 nee
344 3487 487 3544 memini‘.
