2452 4014
501 225 743 290 -162-

116 375 198 434 sinae
225 369 436 450 terebintinae,
463 372 518 432 iris
544 369 689 450 illyricae,
716 371 849 430 omnium
880 371 1128 449 quattuor'paria

114 459 255 541 pondera.
292 458 401 521 tundes
423 460 504 521 ireos
526 455 699 538 (radicem)
722 466 753 520 et
775 459 951 519 tenuissime
974 475 1073 519 cernes
1090 467 1132 519 et

115 551 225 612 ceteris
252 548 333 610 lento
360 550 430 627 igne
452 547 594 610 resolutis
617 556 650 608 et
670 564 688 606 a
710 546 777 608 ioco
805 545 949 626 depositis
972 554 1003 610 et
1022 545 1128 608 leviter

114 637 293 717 infrigidatis
316 653 561 717 superasperges,
589 643 620 697 et
648 634 780 698 movebis
807 635 903 698 donec
926 634 1129 715 coagulentur.

88 737 146 790 aet
169 726 275 788 exinde
299 724 442 803 magnalia
464 725 568 806 iacies,
595 732 627 785 et
655 727 687 786 in
709 723 832 786 linteolo
855 724 983 786 densum
1004 723 1128 786 induces

116 825 146 878 et
175 833 315 895 appones.
356 814 414 874 boc
441 821 541 876 autem
569 813 762 891 emplastrum
790 831 859 875 oum
886 812 1044 893 diligenter
1065 815 1129 875 cuti

114 905 290 985 inhaeserit,
316 902 436 964 dolores
467 904 590 982 mitigat
630 901 729 964 bieme
757 919 829 964 vero
857 904 884 964 si
912 902 990 964 iorte
1020 901 1128 964 durum

116 994 208 1054 luerit
237 991 499 1072 medicamentum,
530 993 691 1070 praetactis
726 990 827 1070 digitis
858 990 975 1052 modico
1007 992 1127 1071 cyprino

116 1082 181 1142 oleo
204 1081 241 1142 ad
264 1079 368 1141 molles
391 1078 536 1142 carbones
560 1078 727 1142 malaxabis.

75 1185 102 1223 1⁰
205 1169 257 1230 sed
281 1171 308 1229 si
334 1168 412 1230 forte
434 1167 532 1248 aliqua
555 1171 652 1230 tensio
679 1170 710 1230 in
738 1167 921 1249 praecordiis
944 1168 1128 1248 inspicientis

115 1259 216 1339 digitis
239 1267 358 1338 praeter
381 1257 557 1320 effusionem
579 1241 692 1318 ventris
713 1259 895 1337 occurrerit,
917 1259 1079 1337 trispermo
1101 1257 1130 1318 id

115 1355 162 1408 est
191 1347 288 1409 tribus
312 1345 475 1408 seminibus
503 1348 534 1408 in
562 1363 640 1424 aqua
661 1345 756 1408 mulsa
785 1346 900 1408 adiecto
923 1346 1041 1408 modico
1064 1344 1130 1406 oleo

116 1435 242 1516 simplici
270 1435 402 1497 decoctis
425 1434 663 1515 cataplasmabis,
689 1434 747 1496 boc
775 1444 822 1496 est
844 1453 881 1496 er
903 1436 998 1497 tritici
1019 1432 1131 1515 polline

116 1534 146 1586 et
165 1526 243 1586 faeni
266 1526 365 1604 graeci
389 1531 419 1585 et
441 1524 495 1584 lini
518 1525 649 1584 sennium.
686 1531 717 1584 et
741 1532 899 1604 postquam
923 1523 1028 1585 tuleris
1053 1531 1130 1586 cata·

76 1625 102 1666 1⁵
114 1613 240 1694 plasma,
262 1611 357 1673 calido
381 1611 490 1673 sabano
514 1611 665 1691 deterges,
693 1619 724 1672 et
746 1610 812 1673 oleo
836 1613 959 1692 cyprino
981 1611 1132 1691 tepefacto

115 1720 175 1763 nou
199 1700 295 1762 solum
322 1699 496 1780 praecordia
520 1700 572 1761 sed
596 1703 685 1761 etiam
708 1709 809 1762 cetera
837 1717 913 1779 quae
939 1700 1043 1762 dolent
1063 1719 1134 1780 per·

115 1808 241 1870 ungues,
259 1797 289 1850 et
303 1787 383 1850 molli
396 1789 463 1849 lana
476 1790 595 1869 operies
609 1796 640 1849 ct
653 1787 799 1852 fasciabis.
831 1797 862 1849 et
876 1807 893 1849 a
908 1791 977 1850 rino
991 1796 1022 1850 ct
1036 1791 1133 1850 omni·

114 1878 171 1941 bus
190 1876 330 1940 carnibus
349 1879 468 1940 omnino
488 1876 651 1938 abstinebis
674 1894 831 1957 quousque
855 1879 1006 1938 minuatur
1028 1877 1134 1939 iebris.

205 1966 258 2028 sed
277 1968 302 2027 si
321 1967 397 2028 forte
417 1967 655 2046 suprascriptum
673 1964 825 2028 flebotomi
843 1984 932 2028 usum
951 1973 1003 2027 aut
1021 1967 1133 2028 virium

74 2069 101 2108 2⁰
115 2053 301 2116 imbecillitas
320 2063 371 2116 aut
390 2053 498 2116 solutio
517 2056 630 2115 ventris
648 2054 827 2136 impedierit,
847 2056 955 2134 topicis
973 2054 1132 2116 adiutoriis

115 2145 210 2204 uteris
237 2142 267 2203 id
296 2150 342 2203 est
368 2141 520 2204 localibus.
562 2150 719 2223 praeterea
742 2143 937 2222 sanguisugas
959 2144 1034 2222 ipsis
1056 2141 1132 2204 locis

114 2229 285 2292 dolentibus
308 2247 452 2311 appones,
476 2231 562 2293 cuius
585 2231 724 2292 adiutorii
743 2249 832 2292 usum
851 2233 990 2311 superius
1014 2233 1046 2292 in
1069 2250 1132 2293 cm·

115 2327 251 2399 pyemate
275 2319 515 2398 conscripsimus.

188 2454 271 2510 liris
285 2453 385 2510 illirico
395 2470 427 2523 p,
445 2453 602 2509 utisillirioe
616 2469 638 2509 o.
712 2454 835 2510 offillll
849 2471 875 2510 c:
893 2471 944 2510 orn.
959 2471 991 2526 p.
1069 2456 1133 2511 sris

113 2526 237 2598 pondera
255 2541 290 2595 p:
313 2524 375 2595 peni
397 2526 521 2595 pondere
544 2541 566 2580 c.
676 2531 692 2580 2
714 2526 816 2581 tondes
838 2542 919 2595 yreoa
945 2527 992 2610 (oo.
1010 2473 1082 2594 ratl.)
1102 2543 1130 2583 c:

113 2613 194 2667 yreos
207 2595 309 2653 tundes
318 2613 350 2666 p.
422 2603 438 2651 3
453 2595 566 2652 leviter:
586 2594 689 2652 leniter
702 2613 743 2667 cp.
816 2603 834 2652 4
848 2611 974 2668 asperges
989 2598 1019 2652 ot
1032 2613 1129 2654 mores

115 2671 210 2736 (—nes
229 2671 253 2736 e)
271 2683 313 2737 cp.
388 2665 560 2737 bmigdalia
577 2683 619 2738 cp.
690 2667 761 2724 facis
785 2684 825 2737 ep.
898 2666 1016 2723 linteolo
1042 2667 1131 2723 denso

110 2738 323 2808 p,lintheolum
336 2741 448 2793 tensum
462 2753 483 2792 e.
552 2736 660 2793 inducis
675 2755 717 2808 cp.
785 2737 936 2809 bopponis
950 2755 965 2794 c
979 2738 1074 2807 (-nes
1086 2741 1130 2808 p).
1223 2745 1224 2790 ἶ

114 2809 168 2863 hoc
186 2824 253 2863 vero
271 2809 334 2877 (sic)
347 2825 383 2877 pc
403 2824 453 2863 om.
473 2825 495 2866 e.
583 2809 718 2866 tdurum
738 2826 773 2880 p:
797 2809 912 2865 ductum
931 2826 954 2865 c.
1040 2810 1130 2866 ehoe
1223 2809 1224 2828 *

114 2882 190 2962 (oute
208 2878 294 2949 med.)
312 2881 375 2935 add.
391 2895 422 2948 p.
507 2882 569 2936 tum
586 2883 659 2950 (post
676 2881 763 2950 mad.)
780 2881 844 2937 edd.
859 2896 890 2949 p.
943 2951 949 2964 .
974 2882 1089 2964 caprino
1108 2897 1132 2948 c,

115 2966 222 3032 caprino
244 2964 275 3018 p.
383 2949 518 3033 tmolles
537 2968 563 3007 c:
586 2952 680 3007 rall'es
698 2953 734 3021 (i)
751 2968 779 3022 p.
848 3021 855 3034 ο
890 2957 923 3006 10
941 2950 1130 3022 mspncientis:

114 3021 314 3162 illidit
328 3026 394 3161 <ii
408 3022 639 3164 tituta·
666 3028 753 3149 tell
766 3024 904 3149 {leiim
922 3024 1131 3163 ‘fiodali

116 3185 149 3235 18
168 3179 332 3237 abstinete.
440 3196 583 3250 quousque
606 3181 748 3237 minuetur
765 3180 939 3265 (mci-febres
957 3197 993 3251 p:
1017 3169 1132 3252 giendo

114 3271 224 3324 minuat
240 3269 332 3325 febres
351 3284 373 3324 c.
451 3273 484 3323 19
504 3287 589 3340 supra
607 3269 741 3341 scriptum
757 3287 790 3341 p:
817 3269 855 3325 SS
875 3287 896 3326 c.
970 3275 1006 3325 20
1023 3269 1131 3327 ventris
1222 3261 1223 3280 ¹

114 3338 217 3395 solutio
231 3356 261 3410 p.
343 3337 472 3408 tipicise
502 3340 624 3410 thopicis
636 3357 666 3411 p.
740 3347 774 3396 at
791 3340 810 3396 i.
828 3340 966 3396 localibus
979 3357 1014 3411 p:
1035 3357 1087 3396 om.
1108 3356 1129 3396 c.

114 3415 147 3463 22
163 3408 296 3493 adiutqrii
309 3427 390 3464 usum
405 3427 431 3466 e:
450 3382 551 3493 esliusy'n
567 3407 622 3480 (ib
640 3411 713 3466 odiu.
728 3412 761 3467 iu
778 3428 864 3483 marg.
874 3415 921 3482 ρο)
934 3413 975 3468 oie
984 3428 1014 3482 p.
1088 3413 1132 3466 est

114 3483 180 3549 (pro
199 3482 350 3551 spumata
367 3482 430 3550 (sic)
448 3497 474 3550 c,
493 3482 615 3550 epnmate
629 3498 661 3551 p.
734 3488 767 3538 23
786 3483 948 3553 scripsimus
962 3497 992 3552 p.
